3294 5056
634 349 856 418 ..57-

232 573 297 635 τῶν
321 561 384 656 γάρ
407 558 590 656 ἡμιφώνων
614 557 693 634 α’να·
854 571 919 632 τῶν
927 564 987 651 μὲν
997 557 1061 655 γάρ
1071 555 1250 656 ἡμιφώνων
1260 559 1335 632 άνα-

106 680 108 687 ’
158 667 337 765 πληροῖτο
354 673 472 756 ἐνδέον,
496 665 694 762 ὁλοκλήρους
802 674 929 763 πληροῖ
951 668 989 739 τὸ
1011 671 1120 740 ἐνδέον
1137 662 1334 762 ὁλοκλήρους

158 783 196 850 δὲ
218 778 454 862 κατασκευάζει
482 776 560 860 τούς
583 777 693 871 φθόγ-
801 778 1090 860 κατασκευάζοντα
1117 773 1196 860 τούς
1223 776 1334 868 φθόγ-

158 915 244 980 γους,
267 895 335 955 τῶν
359 887 395 954 δὲ
411 879 553 978 άφώνιον
574 886 694 974 τρέπει
803 913 885 975 γους,
910 893 977 954 τῶν
1004 877 1034 954 d'
1048 878 1191 977 άφώνων
1216 886 1333 975 τρέπει

157 995 266 1063 τεκαὶ
281 992 481 1081 μεταβάλλει
497 990 558 1074 τάς
569 991 692 1084 φάσεις,
756 1030 757 1033 “
803 995 859 1062 καὶ
871 992 1068 1080 μεταβάλλει
1079 989 1140 1073 τάς
1152 991 1271 1085 φάσεις
1284 1041 1332 1075 ...,

158 1104 214 1170 ἵνα
238 1102 371 1192 γένηται
394 1097 436 1168 τά
461 1091 586 1191 άρρητα
601 1098 693 1192 ῥητά.
802 1103 856 1168 ἵνα
879 1100 1010 1193 γένηται
1033 1096 1075 1167 τά
1101 1089 1222 1190 άρρητα
1245 1100 1334 1190 ῥητά.

170 1363 172 1368 ·
268 1315 494 1401 Quicumque
517 1314 582 1380 hos
599 1315 692 1398 Lydi
708 1314 803 1380 locos
821 1336 900 1380 cum
920 1313 1139 1380 Philonianis
1156 1314 1336 1381 vocaverit

158 1423 196 1489 in
214 1421 520 1509 comparationem,
536 1423 651 1487 facere
667 1443 738 1486 non
755 1421 893 1507 poterit,
909 1420 994 1507 quin
1007 1442 1067 1488 eos
1080 1421 1115 1486 in
1129 1420 1333 1488 universum

159 1531 265 1617 plane
289 1530 381 1596 inter
405 1552 443 1596 se
467 1528 666 1595 consentire
690 1529 877 1613 intellegat
901 1541 933 1594 et
953 1549 973 1593 a
992 1529 1091 1612 Lydo
1116 1550 1160 1594 ex
1175 1527 1243 1622 lroc
1257 1529 1334 1615 ipso

158 1636 249 1702 libro
277 1636 483 1723 desumptus
512 1657 589 1701 esse
620 1634 828 1722 suspicetur.
877 1636 982 1701 Hanc
1005 1635 1098 1701 enim
1122 1634 1335 1702 sententiam

159 1743 313 1830 primum
338 1764 401 1828 pro
425 1754 519 1809 certa
542 1742 669 1808 habuit
684 1744 792 1829 Leop.
810 1741 918 1825 Cohn‚
941 1742 1204 1809 recentissimus
1222 1742 1336 1809 Philo·

160 1850 217 1916 nis
247 1849 368 1933 editor,
396 1849 523 1916 deinde
552 1871 636 1916 vero
660 1849 736 1915 iure
760 1848 964 1935 meritoque,
993 1863 1033 1916 ut
1057 1849 1144 1914 mihi
1167 1850 1335 1936 persuasi,

159 1957 366 2024 retractavit
393 1955 490 2022 hisce
518 1957 589 2022 iere
618 1955 735 2022 verbis
764 1959 894 2037 usus¹):
931 1957 1041 2042 „quod
1071 1954 1183 2038 olim,“
1211 1955 1335 2043 inquit,

159 2063 383 2148 „existimavi
412 2047 552 2148 Lydum
581 2063 630 2129 ibi
656 2062 813 2129 Philonis
841 2062 970 2128 librum
995 2063 1212 2150 compilasse,
1241 2085 1336 2128 nunc

159 2171 356 2258 praefracte
380 2170 590 2237 contendere
611 2191 682 2235 non
701 2169 828 2248 ausim;
853 2191 934 2234 nam
953 2191 1145 2235 consensus
1161 2169 1212 2236 sic
1228 2170 1334 2236 etiam

159 2277 329 2365 explicari
358 2299 461 2364 posse
489 2276 637 2361 videtur,
668 2287 707 2342 ut
736 2287 797 2344 aut
822 2277 944 2361 Lydus
969 2275 1178 2362 compendio
1202 2277 1336 2343 mathe-

161 2385 292 2452 matico
316 2406 402 2451 usus
427 2383 473 2450 sit
496 2385 619 2450 eodem
644 2383 736 2471 quod
761 2383 861 2449 Philo
884 2383 1086 2451 adhibuerit
1109 2392 1172 2450 aut
1187 2383 1336 2471 scriptor

159 2491 360 2579 compendii
384 2514 405 2557 a
429 2491 530 2574 Lydo
555 2489 736 2577 compilati
759 2512 779 2556 e
803 2490 961 2556 Philonis
984 2490 1073 2557 libro
1096 2490 1281 2559 hauserit“.

269 2595 406 2682 Lydum
430 2597 542 2682 igitur
557 2619 628 2662 non
644 2597 841 2683 inspexisse
859 2596 1015 2664 Philonis
1031 2597 1160 2664 librum
1179 2596 1335 2666 Cohnius

159 2714 255 2773 recte
279 2705 480 2790 suspicatus
504 2715 567 2787 est,
594 2715 700 2790 atque
724 2704 808 2770 huic
831 2704 988 2791 opinioni
1011 2703 1144 2791 optime
1159 2703 1335 2788 convenit,

161 2811 257 2898 quod
275 2810 422 2878 Philolai
447 2811 690 2878 testimonium
715 2811 809 2898 apud
825 2810 963 2896 Lydum
982 2810 1141 2900 [11,12(p.
1159 2808 1239 2895 33,1a
1258 2809 1334 2900 sq.)]

162 2918 418 3006 Philonemque
447 2916 479 3006 [ξ
507 2914 573 2984 100
601 2919 646 3005 (p.
664 2915 744 3001 34‚12
770 2916 850 3007 sq.)]
880 2941 924 2984 ex
947 2940 1019 2985 uno
1042 2931 1185 2986 auctore
1209 2919 1335 2986 ultimo

161 3026 310 3092 fluxisse
340 3046 446 3111 supra
472 3026 519 3112 (p.
536 3021 579 3090 29
603 3025 666 3111 sq.)
689 3025 917 3092 ostendimus.
965 3029 1040 3092 Iam
1065 3027 1218 3109 veroid,
1242 3025 1334 3111 quod

162 3132 320 3199 Cohnius
344 3133 380 3198 in
405 3132 539 3199 incerto
561 3131 711 3217 reliquit,
739 3142 858 3198 utrum
883 3133 1005 3216 Lydus
1029 3133 1105 3219 ipse
1129 3133 1335 3220 compendio

161 3239 414 3306 mathematico
431 3260 516 3305 usus
532 3239 578 3305 sit
595 3239 718 3305 eodem
736 3261 806 3326 quo
825 3238 924 3305 Philo
940 3260 985 3306 an
1003 3239 1111 3307 alium
1129 3240 1334 3327 scriptorem

161 3346 366 3432 inspexerit,
393 3345 495 3413 nobis
525 3346 791 3413 diiudicandum
821 3356 884 3413 est.
931 3346 1113 3413 Nonnulla
1141 3358 1260 3414 autem
1285 3346 1336 3413 in·

162 3452 276 3536 veniri
305 3452 467 3540 equidem
492 3464 588 3540 puto,
616 3475 707 3540 quae
731 3462 771 3519 ut
796 3452 1011 3522 Laurentius
1035 3463 1142 3541 atque
1168 3454 1267 3521 Philo
1291 3476 1335 3520 ex

163 3581 235 3626 uno
259 3560 453 3647 eodemque
473 3560 570 3626 ionte
590 3560 751 3647 proximo
768 3560 873 3626 simul
889 3560 1073 3626 hauserint
1097 3560 1335 3628 dissuadeant.

162 3668 281 3752 Atque
296 3665 450 3752 primum
467 3665 609 3752 quidem
626 3667 662 3731 in
678 3667 746 3732 hac
761 3667 839 3753 ipsa
851 3667 1150 3734 commentatione
1164 3671 1334 3734 Ioannem

162 3772 384 3839 describendi
400 3773 688 3840 cousuetudinem
709 3785 869 3841 secutum
883 3775 987 3842 anxie
998 3775 1169 3842 institisse
1182 3775 1335 3842 auctoris

164 3878 327 3965 vestigiis
343 3879 580 3967 adcurateque
596 3879 788 3947 reddidisse
806 3881 881 3946 eius
897 3881 1093 3948 doctrinam
1112 3881 1199 3950 satis
1216 3904 1335 3968 super·

163 4007 233 4074 que
261 3987 376 4052 elucet
403 4008 447 4052 ex
474 3987 544 4052 illis
572 3987 657 4053 locis
685 3987 776 4053 inter
805 4010 842 4054 se
872 3989 1094 4075 comparatis.
1147 3991 1222 4055 Iam
1251 4011 1335 4057 vero

163 4103 264 4161 extat
287 4093 381 4180 apud
404 4094 544 4177 Lydum
570 4093 697 4180 aliquis
720 4095 828 4179 locus,
843 4117 896 4161 ex
920 4117 990 4182 quo
1015 4105 1231 4183 quantopere
1246 4118 1336 4163 com·

276 4309 297 4387 ¹)
321 4311 350 4368 in
374 4312 486 4386 proleg.
512 4313 550 4368 ad
575 4314 632 4370 vol.
655 4312 669 4368 1
692 4325 721 4387 p'.
736 4311 826 4370 LXX.
