3294 5056
634 355 855 428 ..29-

271 573 303 645 E
327 593 478 662 quorum
500 573 660 641 locorum
681 573 944 662 comparatione
961 573 1111 659 Lydum,
1135 581 1260 660 utpote
1277 572 1338 662 qui

162 681 272 750 rebus
299 700 370 747 non
398 680 574 768 discrepet
597 702 618 747 a
640 679 772 762 Solino,
795 690 859 748 aut
881 679 1044 749 Solinum
1067 679 1186 767 ipsum
1210 679 1256 746 ad
1279 679 1338 748 de·

162 787 391 856 scribendum
414 786 618 856 adhibuisse
641 795 705 854 aut
729 796 823 855 certe
838 787 993 876 aliquem
1009 787 1154 872 fontem,
1178 784 1336 874 quicum

163 893 279 962 Solini
302 893 478 962 artissime
494 893 704 962 coniunctus
727 907 829 978 esset,
853 894 981 978 elucet3
1005 914 1089 961 nam
1112 903 1230 961 certus
1246 892 1337 979 Lydi

167 1012 291 1070 auctor
311 1000 389 1087 quis
405 1000 521 1087 inerit,
543 1001 581 1068 in
597 1001 732 1068 incerto
747 999 945 1087 relinquere
960 1009 1126 1088 praestat,
1150 1001 1243 1089 quod
1260 1002 1337 1088 ipse

164 1108 244 1176 eius
272 1129 402 1176 nomen
429 1107 566 1177 reticet.
612 1108 652 1176 Id
677 1115 797 1176 autem
821 1116 962 1176 constat
985 1129 1066 1176 eum
1090 1107 1128 1175 in
1151 1129 1217 1175 suo
1240 1109 1338 1175 fonte

171 1214 373 1282 Tarrutium
397 1214 496 1281 illum
518 1215 794 1281 mathematicum
816 1213 889 1280 iam
909 1213 1133 1282 nominatum
1148 1214 1337 1283 invenisse.

274 1322 374 1390 Idem
402 1343 488 1390 vero
515 1321 553 1389 in
581 1319 670 1389 alios
698 1321 795 1389 locos
817 1321 944 1388 cadere
966 1341 1169 1408 cognosces,
1192 1322 1223 1388 si
1247 1341 1339 1390 com-

164 1428 308 1516 parabis
337 1429 425 1515 Lyd.
455 1431 511 1512 I‚12
540 1433 587 1517 (p.
610 1425 678 1514 uos
702 1429 767 1517 sq.)
795 1449 875 1496 cum
905 1425 1063 1496 Philonis
1090 1427 1207 1496 verbis
1237 1429 1341 1496 inde

164 1537 297 1624 Opfi‘w
319 1537 446 1603 mundi
465 1535 486 1624 ᾗ
508 1533 574 1603 100
597 1540 644 1625 (p.
667 1532 870 1624 34,12—re)¹)2

223 1693 317 1800 Lyd.¹
334 1698 409 1782 11,1‚
434 1706 481 1785 (p.
498 1693 565 1782 33p
589 1695 654 1784 sq.)
754 1694 759 1802 1
849 1693 937 1764 Phil.
954 1695 998 1762 de
1021 1695 1104 1783 opit.
1120 1717 1165 1762 m.
1182 1694 1203 1783 ξ
1218 1691 1295 1764 100.

164 1823 253 1912 οἵγε
267 1818 334 1914 μήν
355 1819 632 1913 Πυθαγόρειοι
652 1825 699 1910 τῷ
806 1815 840 1887 οἱ
877 1819 914 1889 δὲ
947 1817 1260 1909 Πυθαγόρειοι
1293 1826 1341 1910 τῷ

187 1920 700 2022 ήγεμόνιτοῦπαντόςτήνὲβόό·
829 1916 964 2017 ἡγεμόνι
978 1931 1046 1994 τῶν
1062 1924 1278 2013 συμπάντων·
1300 1921 1340 1996 τό

188 2063 254 2128 μήν
277 2029 492 2166 ἀνατίθενται
515 2083 697 2106 .........
829 2028 892 2124 γὰρ
913 2031 998 2124 μήτε
1009 2038 1141 2160 >γεννῶν
1161 2032 1246 2168 μήτε
1269 2061 1341 2126 γιν-

189 2135 352 2232 ορθῶς
314 2168 371 2210 οον
383 2132 533 2232 αμήτορα
541 2136 600 2211 τόν
609 2138 700 2212 ἔπτὰ

189 2241 581 2339 ἆριθμὸνὸωιλόλιιος
598 2272 701 2339 upon·

188 2354 357 2450 ήγόρευσε,
392 2354 496 2444 μόνος
529 2351 591 2446 γὰρ
624 2344 700 2424 oica

188 2469 305 2556 γεννᾶν
328 2489 405 2533 ουτε
429 2469 611 2554 γεννᾶσθαι
635 2462 701 2532 πέ-

188 2596 279 2665 φοιε.
320 2565 359 2640 τὸ
392 2571 430 2639 da
463 2569 546 2662 μήτε
579 2595 701 2702 γεννων

190 2677 274 2770 μήτε
305 2676 502 2770 γεννώμενον
524 2671 700 2770 ἀκίνητον·

190 2787 225 2855 ἐν
255 2785 382 2878 κινήσει
412 2781 476 2875 γὰρ
497 2813 520 2916 q
509 2776 699 2912 γέννήσις,

189 2887 229 2962 τό
252 2893 323 2979 μέν,
348 2895 403 2961 ἵνα
426 2890 573 2984 γεννήσῃ,
597 2916 637 2960 το
628 2887 700 2974 dl,

187 3003 245 3069 ἳνα
278 3003 448 3093 γεννηθῇ·
482 3005 632 3080 τοιοῦτος
665 2998 703 3067 δὲ

191 3101 210 3177 ὅ
244 3106 336 3194 θεός,
373 3099 419 3188 ὦς
450 3106 507 3176 καὶ
538 3097 655 3188 αὗτὸς
684 3096 701 3175 ὁ

189 3215 316 3308 ῥήτωρ
368 3206 386 3283 ὁ
436 3219 702 3302 Ταραντῖνος·

66 3399 69 3410 ,
189 3323 276 3416 φησὶ
309 3323 347 3392 δὲ
379 3314 503 3402 οἴνοις·
538 3312 620 3390 ‘ltro
641 3314 703 3412 γὰρ

191 3422 323 3522 ήγεμών
341 3428 400 3499 καὶ
416 3418 525 3519 ἶν’ργων
540 3419 703 3498 ἇποῖντιιν

191 3529 241 3618 εἷς
270 3528 324 3605 ἀεὶ
363 3532 408 3604 ὢν
430 3533 528 3619 θεός,
561 3532 703 3621 μόνιμος

191 3635 347 3737 ἀκίνητος
420 3633 521 3723 αὐτὸς
593 3639 698 3732 ἑαυτῷ

193 3742 329 3838 ὅμοιος.’

829 2137 975 2226 νώμενον
997 2131 1151 2274 ἇκίνητογ
1169 2143 1283 2229 μένει·
1307 2143 1343 2212 ἐν

829 2245 958 2338 κινήσει
980 2242 1043 2338 γὰρ
1065 2240 1238 2339 ήγένεσις,
1264 2248 1342 2318 ἐπεὶ

833 2354 908 2441 (καὶ
946 2348 985 2424 τὸ
1024 2358 1164 2446 γεννῶν)
1208 2383 1266 2426 και
1302 2353 1341 2425 τὸ

829 2459 1028 2551 γεννώμενον
1062 2453 1122 2534 οὖν
1152 2453 1230 2536 ἔνου
1253 2463 1343 2558 κινή-

831 2592 926 2653 σεως,
961 2565 1001 2638 τὸ
1035 2598 1097 2660 μεν
1119 2573 1173 2640 ἵνα
1195 2570 1340 2704 γεννήσῃ,

831 2672 870 2743 τό
905 2678 942 2746 δε
965 2678 1020 2746 ἵνα
1043 2686 1207 2772 γεννηθῇ·
1240 2678 1343 2767 μόνον

832 2772 936 2851 d'’'
897 2808 973 2852 οντε
1001 2792 1112 2856 κινοῦν
1134 2812 1209 2856 οντε
1230 2785 1343 2858 κινού-

830 2915 931 2975 μενον
954 2917 973 2959 ο
993 2883 1247 2985 πρεσβυτερος
1234 2921 1341 2985 αρχων

832 2999 889 3067 καὶ
923 2991 1060 3091 ήγεμιῦν,
1094 3027 1132 3070 ov
1116 2989 1278 3092 λέγοιτ’
1302 2997 1343 3072 ilo

832 3105 1070 3199 προσηκόντως
1079 3102 1177 3176 eudo
1187 3107 1342 3198 ἑβδομάς.

831 3220 987 3343 μοήτιήεῖ
1012 3215 1050 3284 δέ
1081 3241 1146 3303 μου
1182 3223 1230 3308 τῷ
1256 3211 1343 3310 λόγήν

832 3320 898 3389 καὶ
923 3314 1160 3404 Φιλόλαος
1142 3349 1178 3393 εν
1199 3323 1343 3409 τούτοις·

834 3416 943 3511 ,ξἘστι
964 3426 1038 3519 γάρ,
1067 3431 1184 3522 (γνήσι’,ν
1215 3425 1343 3523 ήγεμών

831 3533 888 3602 καὶ
923 3523 1032 3666 ἔργον
1066 3528 1227 3608 ἇιτάντιον
1259 3535 1344 3621 θεὸς

832 3633 999 3724 εἷςοῖειῶν
998 3641 1170 3732 ,μόνιμος,
1182 3635 1342 3738 ἀκίνητος,

831 3863 899 3924 τῶν
922 3846 1062 3926 ι’ίλλων.“

278 3999 476 4088 Utriusque
522 3997 713 4067 commenti
759 3997 1012 4087 explicationes
1058 3999 1102 4068 de
1140 4003 1341 4090 septenario

281 4237 307 4315 ¹)
332 4255 444 4315 sequor
466 4237 633 4297 editionem
657 4255 676 4295 a
698 4235 794 4314 Leop.
817 4235 904 4297 Cohn
928 4245 959 4298 et
981 4239 1012 4298 P.
1035 4240 1206 4299 Wandland
1230 4237 1343 4299 factam

172 4327 229 4386 vol.
251 4326 275 4388 1.
