3294 5056
657 361 874 432 „31-

175 577 304 646 iterum
327 578 483 646 auctoris
499 577 716 646 mentionem
742 577 885 662 omittit,
902 587 1017 646 cetera
1032 600 1118 648 vero
1134 577 1254 646 omnia
1270 601 1351 647 cum

175 684 339 752 omnibus
373 686 446 752 iere
482 684 669 764 citatorum
706 685 918 773 scriptorum
942 685 1147 754 nominibus
1171 683 1351 770 describit3

175 791 296 878 agitur
312 792 356 858 de
381 791 473 876 Lydi
496 792 574 860 loco
597 793 686 875 1v,.,
711 792 758 879 (p.
775 788 864 876 1³3‚0
889 796 964 881 sq.),
993 792 1054 879 qui
1074 812 1154 860 cum
1173 791 1352 861 Plutarchi

176 918 266 984 quae
301 907 450 966 vocatur
486 898 642 986 epitoma
677 895 754 982 126
790 919 840 985 sq.
877 899 930 985 [ci.
967 898 1075 984 Diels,
1111 901 1267 987 Doxogr.
1299 921 1352 986 gr.

175 1026 210 1093 p.
225 999 364 1072 321213
381 1007 444 1092 sq.]
468 1002 664 1093 comparari
687 1013 822 1094 potest:

205 1220 295 1304 Lyd.
311 1221 404 1305 1v‚s1
431 1228 478 1307 (p.
501 1215 681 1304 133,0-u)

177 1335 231 1412 ὅτι
260 1335 279 1411 ὅ
303 1334 566 1435 Ἐμπεδοκλῆς
595 1333 711 1412 οάσίαν

200 1440 346 1541 άνάγκης
384 1447 495 1519 αἰτίαν
530 1446 712 1542 χρηστικὴν

199 1564 265 1626 τῶν
277 1549 386 1646 άρχῶν
397 1556 454 1625 καὶ
464 1562 531 1625 τῶν
541 1556 712 1644 στοιχείων

200 1663 380 1753 ένέκρινεν·

179 1797 197 1838 ο
187 1763 256 1838 δὲ
270 1768 521 1862 Δημόκριτος
535 1766 596 1862 την
620 1761 713 1840 άντι-

199 1880 323 1946 τυπίαν
344 1878 401 1946 wi
425 1871 557 1970 πληγὴν
579 1877 636 1945 καί
651 1902 711 1968 φο-

201 1976 263 2074 ράν
283 1991 343 2074 της
365 1977 454 2076 άλης.

178 2089 347 2159 Πλάτων
369 2117 407 2180 γε
428 2118 494 2182 μην
515 2086 558 2160 τά
581 2090 642 2177 μὲν
666 2089 715 2172 εἰς

204 2196 377 2286 πρόνοιαν,
394 2224 438 2267 τα
427 2191 535 2266 δὲ’
507 2222 556 2279 εις
571 2189 715 2290 άνάγιην

203 2295 372 2395 άνήγαγεν,
398 2298 452 2373 ὅτε
473 2305 535 2391 μέν
549 2298 609 2394 τὴν
623 2297 713 2395 ἱλην,

203 2403 259 2479 ὅτε
285 2413 322 2481 δὲ
353 2405 414 2503 τὴν
447 2417 505 2480 τοῦ
538 2417 715 2491 ποιοῦντος

205 2519 316 2605 σχέσιν
338 2516 542 2605 αἰτιώμενος.

220 2873 306 2958 Lyd.
320 2875 409 2957 Ινμι
428 2871 476 2962 (Ρ
489 2869 678 2963 133ιι-νν)

181 2993 242 3089 τὴν
264 2988 492 3090 δἐἱμαρμὲνην
516 2989 717 3129 Ἡράκλει-

204 3130 271 3184 τος
292 3130 352 3194 την
374 3094 478 3198 αάτὴν
499 3104 555 3172 καί
572 3096 718 3199 άνάγκην

206 3205 290 3279 εἰναι
312 3208 481 3296 βούλεται,

184 3343 202 3387 ο
191 3309 252 3386 δε
263 3315 432 3385 Πλάτων
444 3316 652 3410 προστίθησι
662 3319 718 3388 καί

123 3456 126 3462 ’
204 3420 265 3516 την
288 3415 371 3514 παρ’
379 3415 467 3514 ἡμᾶς
489 3423 608 3493 αἰτίαν.

182 3633 216 3706 οἱ
236 3638 297 3724 μὲν
320 3629 378 3704 οὗν
395 3638 565 3707 Στωϊκοὶ
583 3631 643 3729 την
657 3639 719 3726 μέν

207 3737 351 3835 άνάγκην
385 3735 553 3837 άκίνητον,
591 3741 652 3834 τὴν
683 3747 719 3815 δὲ

175 3867 178 3874 ’
207 3849 404 3945 εἱμαρμένην
423 3853 509 3946 φασὶ
524 3847 719 3945 συμπλοκὴν

206 3952 292 4027 εἰναι
305 3956 420 4027 αἰτιῶν
433 3959 641 4050 τεταγμένων
654 3981 662 3997 ·
686 3958 720 4030 ἐν

204 4051 720 4159 ᾗσυμπλσκῇκαίτάνταρήμᾶς,

207 4163 293 4241 ὥστε
318 4169 361 4242 τά
388 4173 450 4260 μὲν
476 4170 648 4264 εἱμάρθαι,
676 4167 720 4243 τά

211 4278 250 4348 δέ
272 4277 505 4370 σννειμάρθαι.

958 1219 1050 1288 Plut.
1074 1240 1126 1307 ep.
1150 1215 1225 1304 136

819 1335 1088 1436 Ἐμπεδοκλῆς
1116 1333 1232 1412 οὖσίαν
1254 1333 1356 1434 άνάγ-

841 1477 902 1542 κης
933 1447 1044 1519 αἰτίαν
1074 1446 1257 1543 χρηστικὴν
1290 1456 1355 1520 τῶν

844 1547 952 1648 άρχῶν
974 1557 1031 1627 καί
1053 1563 1120 1625 τῶν
1144 1555 1328 1643 στοιχείων.
1413 1545 1415 1552 ’

821 1768 1073 1862 Δημόκριτος
1117 1764 1178 1860 τὴν
1225 1761 1357 1839 άντιτυ-

844 1875 930 1945 πίαν
948 1877 1005 1946 καί
1028 1871 1137 1967 φοράν
1152 1876 1208 1945 καί
1223 1872 1358 1970 σληγην
1397 1874 1401 1887 ’

843 1990 903 2075 τῆς
924 1976 1014 2074 ἱίλης.

822 2087 991 2158 Πλάτων
1023 2084 1067 2158 τά
1099 2090 1160 2177 μὲν
1193 2087 1242 2170 εἰς
1271 2087 1359 2178 πρό-

846 2222 938 2266 νοιαν
961 2186 1041 2287 άγει,
1063 2192 1107 2265 τά
1130 2197 1168 2265 δὲ
1191 2194 1240 2279 εἰς
1256 2188 1358 2286 άνάγ-

844 2329 906 2396 κην
926 2302 1032 2394 [Plut.
1043 2323 1096 2392 ep.
1109 2306 1135 2389 1,
1145 2300 1234 2390 25⁵1,
1249 2301 1359 2372 Πλά·

845 2437 921 2478 των
949 2402 1005 2480 ὁτὲ
1031 2411 1092 2497 μὲν
1118 2404 1177 2502 τὴν
1199 2403 1280 2502 ἱὶλην
1303 2400 1359 2479 ὁτὲ

847 2517 883 2586 δὲ
905 2511 966 2607 την
987 2523 1047 2586 τοῦ
1069 2524 1253 2598 ποιοῦντος
1270 2512 1360 2604 πρὸς

846 2620 907 2714 τὴν
928 2616 1009 2716 ἱίλην
1033 2625 1154 2712 σχέσιν.

965 2875 1056 2944 Plut.
1073 2897 1127 2963 ep.
1145 2872 1220 2960 1‚27

824 2991 1074 3088 Ἡράκλειτος
1118 2998 1235 3069 πάντα
1278 2993 1361 3070 καθ’

847 3103 1053 3198 εἱμαρμένην,
1092 3102 1152 3197 τήν
1189 3109 1226 3177 de*
1260 3099 1362 3200 αάτην

847 3203 1014 3302 ἱντάρχειν
1035 3212 1093 3282 καί
1116 3204 1271 3306 άνάγιην.

825 3317 996 3388 Πλάτων
1034 3319 1172 3411 ἐγκρίνει
1209 3322 1270 3408 μὲν
1303 3315 1362 3412 την

849 3424 1048 3518 εἱμαρμένην
1064 3479 1153 3511 .....,
1173 3426 1361 3518 συνεισάγει

850 3533 886 3602 δί
905 3533 960 3601 καί
976 3529 1036 3624 την
1053 3526 1228 3625 παρήμάς
1243 3532 1361 3604 αἰτίαν.

828 3636 860 3708 οἱ
885 3640 1049 3708 Στωϊκοί
1072 3692 1198 3709 .......
1220 3635 1280 3732 την
1303 3641 1364 3728 μὲν

851 3738 995 3839 άνάγιην
1020 3741 1174 3840 άνίκητόν
1193 3773 1296 3839 φασιν
1311 3747 1364 3817 αἰ-

849 3853 924 3921 τίαν
951 3854 1006 3921 καί
1037 3854 1219 3947 βιαστικήν,
1243 3851 1304 3944 τὴν
1326 3856 1364 3924 δὲ

851 3957 1050 4053 εἱμαρμένην
1066 3958 1310 4054 συμπλακην’
1275 3989 1365 4030 αιτι-

851 4057 1363 4201 ωντεταγμὲνην,ε’νησυμπλοκῇ

849 4200 908 4242 και
915 4200 955 4242 το
965 4198 1039 4262 τταρ
1057 4166 1154 4303 ημᾶς,
1165 4198 1249 4244 ωστε
1256 4176 1366 4263 ταμεν

851 4275 1013 4371 εἱμάρθαι
1032 4277 1074 4350 τά
1095 4283 1133 4351 δὲ
1152 4272 1364 4371 ἀνειμάρθαι.
