3294 5056
633 355 854 426 ..55-

151 572 309 643 πλάσιον.
337 571 402 659 ἔχει
424 572 461 641 δέ
484 571 539 641 καί
563 571 687 660 διαιρέ-

150 705 225 760 σεις
270 668 411 771 ζυμάδην
447 676 578 768 τρόπον
613 671 686 746 τινά

149 784 380 867 συνεστώσας·

151 1322 335 1409 διαιρεῖται
373 1315 436 1409 γάρ
474 1325 607 1406 πρῶτον
641 1315 689 1398 είς

149 1425 282 1513 μονάδα
296 1428 353 1494 καί
370 1425 481 1511 ἑξάδα,
505 1425 625 1494 ἔπειτα
641 1422 690 1504 είς

153 1531 308 1601 πεντάδα
316 1533 373 1601 καί
383 1532 498 1616 δυάδα,
511 1533 568 1600 καί
580 1534 689 1600 τελευ

152 1645 250 1707 ταῖον
261 1637 309 1720 είς
323 1639 443 1726 τριάδα
455 1641 514 1708 καί
528 1637 689 1729 τετράδα·

150 1745 388 1839 μουσικωτάτη
432 1747 470 1814 δέ
509 1738 690 1838 ἡτούτων

152 1859 222 1920 τῶν
245 1843 398 1941 άριθμῶν
421 1843 589 1943 άναλογία.

153 1981 188 2047 p.
228 1949 406 2044 δέρε-τοι
453 1962 608 2029 διατείνει
653 1961 690 2028 δέ

151 2055 259 2156 αὐτῆς
286 2058 306 2158 ἡ
340 2065 440 2157 φάσις
462 2068 520 2136 καί
542 2068 605 2135 έπί
631 2062 691 2158 τὴν

153 2164 279 2264 δρατὴν
297 2167 437 2244 άπασαν
453 2166 578 2259 οὖσίαν,
597 2165 690 2264 οὖρα-

153 2275 211 2349 νὸν
235 2282 292 2350 καί
315 2289 394 2372 γῆν·

575 2701 693 2779 αάτίκα

154 2825 236 2908 γοῦν
252 2807 391 2906 οὐρανόν
406 2841 508 2910 φασιν
523 2809 614 2886 έπτά
630 2820 693 2886 διε-

157 2926 289 3006 ζῶσθαι
310 2918 453 3009 κάκλοις,
478 2912 524 2992 ὧν
545 2915 693 3012 άνόματα

157 3029 265 3099 τάδε·
296 3023 451 3121 άρκτικδς
478 3023 694 3119 άνταρκτικδς

159 3132 295 3227 θερινὸς
306 3133 487 3228 χειμερινὸς
503 3135 694 3231 ίσημερινδς

161 3239 327 3334 ζῳδιακὸς
349 3246 405 3313 καί
429 3245 570 3334 προσέτι
597 3247 694 3336 γαλα-

159 3350 234 3432 ξίας
248 3373 255 3388 ·

159 3587 195 3652 p.
216 3562 430 3650 34μι-3ῠμι
455 3559 535 3635 ὅθεν
550 3563 593 3634 τά
608 3561 694 3635 κατά

158 3665 224 3762 τὴν
245 3662 402 3762 ἡμετέραν
426 3667 535 3764 ψυχὴν
557 3670 616 3742 διά
636 3680 694 3742 τοῦ

160 3769 464 3870 ἦμεμονικοῦλάγου
480 3772 612 3870 ἕπταχῆ
629 3783 696 3866 σχί-

161 3884 261 3970 ζεται,
284 3885 374 3976 πρός
395 3914 432 3955 τε
456 3888 557 3956 πέντε
572 3887 696 3979 αἰσθή-

161 4017 237 4074 σεις
246 3993 304 4061 καί
314 3988 353 4062 τά
362 3991 547 4087 φωνητικὸν
559 3984 697 4087 άργανον

160 4099 220 4168 καί
243 4101 306 4170 ἐπί
329 4107 418 4171 πᾶσι
439 4098 479 4170 τδ
502 4100 647 4193 γόνιμον.

161 4229 198 4294 p.
221 4203 366 4292 35‚2-—⁵:
402 4209 459 4279 καί
492 4203 532 4278 τὸ
560 4216 632 4278 πᾶν
659 4211 696 4279 δέ

160 4321 261 4382 τοῦτο
300 4319 333 4384 έν
367 4309 457 4384 έπτά
496 4322 696 4407 θεωρεῖται·

796 568 957 654 πλάσιον,
992 563 1051 638 τὸν
1083 570 1144 657 μὲν
1176 563 1237 662 τὴν
1271 562 1326 637 διά

795 684 916 747 πασῶν
953 675 1155 769 συμφωνίαν,
1195 669 1254 744 τόν
1291 677 1328 745 δέ

794 782 1042 873 τετραπλάσιον
1079 777 1140 874 τὴν
1178 783 1230 864 δίς
1269 777 1328 852 διά

795 897 919 960 πασῶν
953 882 1193 960 άποτελοῦντα.
1230 915 1341 979 περι--

796 999 861 1086 ἔχει
884 999 920 1067 δέ
942 998 1000 1066 καί
1023 997 1205 1084 διαιρέσεις
1225 987 1330 1077 άλλας

797 1100 937 1198 ζυμάδην
973 1102 1103 1193 τρόπον
1129 1099 1204 1172 τινά
1238 1128 1329 1172 συνε-

796 1209 927 1292 στώσας
951 1209 1115 1298 ἔβδομάς·

796 1322 974 1407 διαιρεῖται
991 1315 1052 1408 γάρ
1067 1317 1271 1408 πρῶτονμὲν
1281 1315 1330 1398 είς

796 1425 925 1512 μονάδα
939 1426 996 1493 καί
1012 1423 1123 1507 ἑξάδα,
1142 1423 1267 1493 ἔπειτα
1282 1421 1330 1504 είς

797 1531 902 1601 δυάδα
910 1533 967 1600 καὶ
979 1530 1141 1613 πεντάδα,
1155 1531 1209 1598 καί
1220 1533 1329 1599 τελευ-

796 1645 891 1707 ταῖον
913 1636 959 1719 εἷς
971 1636 1092 1728 τριάδα
1104 1638 1162 1706 καί
1173 1635 1328 1727 τετράδα.

796 1743 1030 1840 μουσικωτάτη
1047 1745 1156 1814 δὲκαὶ
1171 1736 1191 1835 ἡ
1203 1743 1331 1812 τούτων

798 1845 956 1941 άναλογία
978 1858 1044 1920 τῶν
1066 1843 1240 1941 άριθμῶν·

798 1945 894 2044 5111
912 1965 953 2047 (p.
964 1960 1123 2046 39,14·2o):
1136 1958 1288 2027 διατείνει
1301 1950 1330 2027 δ’

797 2059 899 2158 αὐτῆς
927 2058 947 2156 ἦ
982 2065 1084 2158 φύσις
1106 2066 1164 2134 καί
1187 2065 1247 2133 ἐπί
1270 2061 1332 2156 τὴν

799 2165 920 2265 ὁρατὴν
937 2165 1078 2243 άπασαν
1097 2165 1221 2258 οάσίαν,
1238 2166 1332 2264 οάραε

797 2275 854 2348 νὸν
881 2281 937 2349 καί
961 2287 1028 2371 γῆν,
1056 2275 1098 2348 τά
1123 2281 1251 2370 πέρατα
1273 2287 1332 2350 τοῦ

798 2387 937 2472 παντός,
962 2386 1140 2480 φθάσασα.
1165 2387 1200 2456 τί
1215 2385 1278 2478 γάρ
1294 2381 1332 2457 οὗ

780 2519 782 2522 ·
798 2496 1000 2587 φιλέβδομον
1022 2502 1088 2562 τῶν
1104 2496 1138 2580 ἐν
1156 2502 1203 2585 τῷ
1219 2493 1332 2585 κόσμῳ

797 2603 908 2690 μέρος,
966 2601 1066 2688 ἔρωτι
1121 2603 1176 2670 καί
1227 2601 1333 2692 πόθῳ

799 2708 975 2795 δαμασθέν
991 2700 1192 2796 έβδομάδος;
1214 2701 1333 2784 αάτίκα

799 2812 858 2884 τόν
880 2807 1017 2905 οὗρανάν
1040 2842 1144 2909 φασιν
1157 2809 1250 2884 ἑπτά
1266 2819 1333 2884 διε-

801 2924 933 3006 ζῶσθαι
957 2922 1096 3008 κύκλοις,
1122 2912 1167 2991 ὧν
1189 2915 1334 3011 ὀνόματα

801 3025 886 3100 εἶναι
917 3031 1023 3100 τάδε·
1056 3022 1221 3122 άρκτικάν,
1257 3023 1334 3099 άντ-

801 3134 964 3226 αρκτικόν,
996 3132 1127 3227 θερινὸν
1160 3136 1335 3226 τροπικόν,

800 3241 986 3331 χειμερινὸν
997 3243 1172 3331 τροπικόν,
1185 3244 1336 3336 ἰσημερι-

801 3348 867 3435 νόν,
901 3350 1072 3440 ζῳδιακόν,
1104 3352 1162 3420 καί
1193 3354 1335 3441 προσέτι

803 3460 980 3548 γαλαξίαν·
1325 3547 1327 3555 Ι

803 3573 822 3650 ς’
845 3563 910 3632 117
934 3575 980 3654 (p.
1005 3566 1193 3651 41,ιι-ιι)τ
1218 3558 1336 3636 αὖτίκα

802 3679 862 3763 τῆς
891 3663 1049 3764 ἡμετέρας
1073 3679 1181 3765 ψυχῆς
1203 3668 1242 3741 τό
1259 3675 1335 3759 δίχα

804 3786 860 3848 τοῦ
877 3771 1072 3870 ἡγεμονικοῦ
1087 3781 1188 3869 μέρος
1204 3771 1335 3871 έπταχῇ

804 3887 957 3973 σχίζεται,
973 3885 1021 3967 είς
1035 3887 1136 3956 πέντε
1153 3885 1337 3978 αἰσθήσεις

803 3991 858 4062 καί
888 3989 926 4060 τά
959 3991 1169 4084 φωνητήριον
1201 3982 1352 4084 άργανον·

802 4100 860 4169 καί
883 4099 946 4168 ἐπὶ
969 4106 1060 4168 πᾶσι
1083 4093 1123 4168 τά
1140 4098 1290 4190 γόνιμον·

804 4205 1037 4295 §120121(p.
1062 4205 1215 4291 42p-⁹):
1244 4199 1337 4275 ἑπτά

804 4312 865 4405 γάρ
932 4315 1003 4383 ἔστι
1073 4307 1116 4382 τά
1173 4304 1338 4402 δρώμενα,
