3294 5056
761 306 986 374 ..40-

290 519 494 607 nuperrime
517 519 756 590 Wuenschius
766 520 793 608 ¹)
814 531 910 590 recte
934 519 1120 604 iudicavit3
1143 519 1211 588 hoc
1235 531 1356 590 autem
1373 521 1469 590 idem

289 625 397 694 etiam
422 626 466 693 de
489 625 588 693 libris
613 626 694 715 περὶ
716 633 832 718 μηνῶν
854 628 973 696 valere
996 626 1136 696 iuvabit
1157 627 1356 696 inlustrare.

395 752 523 838 Neque
535 770 750 840 quemquam
762 763 851 840 puto
859 752 991 838 mirari,
1004 752 1098 841 quod
1114 751 1152 818 iu
1164 751 1296 820 talibus
1308 753 1471 821 lontibus

292 856 530 925 describendis
545 857 669 943 Lydus
681 869 844 927 versatus
856 868 920 944 est,
935 859 966 927 si
981 880 1102 928 secum
1114 859 1343 947 reputaverit,
1359 882 1467 947 quam

289 985 461 1050 magnam
477 964 647 1033 materiae
663 964 801 1054 copiam
818 988 863 1033 ex
881 965 1045 1035 omnibus
1060 965 1258 1034 litterarum
1275 966 1470 1053 provinciis

290 1070 517 1158 desumptam
552 1071 590 1138 in
625 1072 691 1140 hos
724 1071 833 1139 libros
868 1072 1095 1160 congesserit.
1142 1074 1236 1138 Nam
1272 1094 1314 1140 ea
1349 1072 1469 1142 omnia

289 1177 522 1249 Laurentium
547 1199 619 1245 non
636 1179 755 1266 ipsum
778 1179 937 1266 potuisse
956 1178 1136 1265 conligere
1160 1179 1218 1246 vel
1238 1179 1321 1246 inde
1343 1181 1471 1264 elucet,

288 1283 383 1370 quod
407 1283 509 1352 illum
532 1284 604 1352 iam
628 1295 796 1372 provecta
820 1294 937 1353 aetate
960 1285 1004 1352 ad
1027 1285 1136 1352 libros
1152 1284 1353 1354 condendos
1368 1285 1468 1353 incu-

289 1389 411 1458 buisse
446 1391 656 1480 accepimus,
690 1403 880 1480 postquam
915 1413 978 1480 per
1012 1413 1125 1459 annos
1161 1392 1401 1480 quadraginta
1431 1404 1468 1462 et

291 1508 429 1584 septem
458 1519 597 1566 menses
627 1499 794 1587 praelecti
823 1498 941 1566 oflicio
968 1499 1112 1566 functus
1140 1520 1294 1587 semper,
1318 1508 1363 1566 ut
1391 1499 1471 1586 ipse

291 1603 506 1690 gloriatur2),
530 1605 668 1672 muneri
691 1627 835 1694 operam
860 1605 1007 1674 navavit
1030 1605 1321 1692 impigerrimam.

860 1856 890 1923 1.

400 2017 518 2104 Atque
546 2015 654 2084 huius
677 2016 727 2084 rei
751 2015 1042 2084 inlustrissimum
1067 2016 1237 2104 praebent
1261 2017 1466 2103 exemplum

291 2122 584 2214 philosophorum
608 2133 770 2192 veterum
787 2123 927 2218 placita,
950 2145 1101 2211 quorum
1118 2122 1282 2191 notitiam
1300 2145 1372 2192 non
1388 2145 1470 2190 raro

289 2230 400 2297 iactat
429 2230 551 2316 Lydus
580 2230 617 2298 in
645 2231 743 2297 hisce
769 2230 882 2314 libris;
912 2252 995 2297 nam
1023 2230 1058 2296 id
1088 2229 1181 2318 quod
1210 2229 1271 2296 ille
1294 2230 1400 2297 reiert
1422 2230 1471 2297 de

290 2336 513 2405 necessitatis
548 2346 675 2405 natura
709 2338 745 2404 in
781 2340 869 2423 IV,u
908 2337 957 2426 (p.
982 2333 1219 2422 133‚0-134,2)
1254 2337 1299 2403 ab
1323 2357 1366 2404 eo
1387 2336 1470 2424 ipso

290 2466 334 2511 ex
358 2444 476 2530 aliquo
500 2445 599 2512 lonte
621 2466 694 2511 uno
718 2453 842 2511 tenore
864 2445 1114 2532 depromptum
1138 2465 1214 2510 esse
1237 2443 1393 2534 dilucide
1409 2443 1468 2510 ad·

291 2561 392 2638 paret
419 2573 464 2618 ex
493 2551 560 2618 hoc
588 2552 666 2618 loco
694 2573 774 2619 cum
805 2550 986 2618 Plutarchi
1014 2573 1105 2638 quae
1134 2560 1282 2618 vocatur
1311 2549 1468 2638 epitoma

291 2653 367 2738 126
388 2680 438 2745 sq.
455 2668 668 2745 comparato.
716 2657 1012 2744 Philosophorum
1036 2669 1155 2724 autem
1171 2656 1304 2744 placita
1320 2656 1356 2722 in
1372 2666 1469 2723 utro·

292 2786 360 2852 que
397 2774 597 2832 commento
633 2764 727 2852 quod
762 2786 869 2853 supra
898 2763 1148 2853 descripsimus
1185 2763 1223 2830 in
1260 2763 1467 2830 universnm

291 2872 335 2938 ad
372 2894 532 2959 unguem
567 2873 667 2959 quasi
701 2871 795 2941 inter
830 2893 869 2940 se
900 2871 1100 2959 conspirare
1124 2871 1297 2954 videmus,
1326 2869 1467 2937 etiamsi

291 2979 385 3068 apud
414 2977 553 3064 Lydum
588 3000 858 3067 nonnumquam
886 2991 1022 3047 resecta
1048 2988 1085 3047 et
1110 2977 1298 3066 aliquoties
1327 2987 1469 3045 mutata

289 3085 521 3154 inveniantur
542 3085 661 3154 verba.

398 3214 475 3278 Nec
498 3212 611 3278 multo
635 3210 739 3280 aliter
760 3234 835 3286 rem
859 3233 897 3279 se
920 3212 1050 3278 habere
1071 3211 1115 3278 de
1132 3209 1222 3296 Lydi
1239 3209 1469 3297 paragrapho

290 3320 386 3396 lV.as
416 3319 464 3407 (p.
485 3315 667 3407 134s-20)
694 3322 752 3392 vel
769 3303 860 3387 inde
884 3320 1009 3401 elucet,
1032 3318 1125 3404 quod
1148 3317 1206 3388 hic
1228 3317 1328 3383 locus
1351 3337 1467 3402 paene

293 3424 338 3492 ad
373 3426 522 3494 verbum
558 3427 724 3513 congruit
759 3447 839 3494 cum
865 3426 956 3494 Plut.
985 3420 1184 3512 ep.111,17‚
1218 3432 1467 3511 praeterquam

291 3532 386 3620 quod
410 3532 498 3600 haec
521 3534 671 3619 quaein
694 3533 860 3620 Lydiano
883 3533 960 3602 loco
984 3553 1018 3620 p.
1042 3527 1164 3614 134,rs:
1186 3521 1226 3596 τὸ
1243 3517 1325 3597 αὐτὰ
1349 3528 1467 3598 δὲκαὶ

291 3635 325 3709 oi
360 3632 455 3727 παρὰ
493 3629 671 3726 Ῥωμαίοις
701 3641 964 3731 φιλοσοφοῦντες
997 3638 1091 3725 apud
1128 3635 1357 3704 Plutarchum
1392 3656 1463 3702 non

291 3748 477 3834 leguntur,
515 3757 557 3814 ut
596 3768 641 3814 ex
674 3747 801 3814 horum
840 3747 997 3814 locorum
1039 3741 1302 3831 comparatione
1337 3764 1471 3828 cogno·

292 3874 370 3921 scas
393 3852 514 3922 licetz.

403 4138 429 4227 ¹)
451 4144 482 4204 in
504 4145 599 4221 praei.
623 4145 671 4204 cd.
694 4141 735 4206 de
758 4161 844 4226 mag.
867 4164 896 4220 p.
920 4141 978 4201 XL
1002 4161 1046 4219 sq.

402 4264 429 4352 ²)
451 4270 556 4329 videas
578 4269 694 4347 Lydum
717 4271 748 4328 in
770 4269 854 4328 libris
878 4265 919 4330 de
941 4285 1029 4350 mog.
1051 4267 1132 4336 lllns
1156 4285 1202 4344 sq.
