3318 5050
657 391 879 461 ..99..

186 613 288 698 quasi
318 593 511 699 Aphril'em,
542 587 563 674 a
594 628 720 694 spuma

187 741 294 807 quam
312 716 439 794 Graeci
457 703 562 806 ιῖφρόν
582 725 720 797 vocant,

187 826 281 892 unde
310 825 534 892 ortavenus
558 820 720 903 creditur,

185 944 224 1000 ct
255 932 347 999 hanc
380 927 524 996 Romuli
559 937 722 994 asserunt

187 1039 296 1106 luisse
311 1038 494 1117 rationem,
510 1047 552 1102 ut
566 1035 719 1122 primum

188 1145 330 1233 quidem
369 1159 527 1210 mensem
566 1165 586 1208 a
620 1152 721 1228 patre

187 1274 253 1320 suo
288 1253 412 1334 Marte,
430 1249 640 1320 ¹secundum
676 1249 720 1314 ab

187 1361 329 1427 Aeneae
339 1367 452 1426 matre
462 1359 600 1426 Venere
611 1375 721 1421 nomi

188 1474 295 1549 naret,
307 1475 343 1531 et
355 1463 393 1530 hi
405 1462 719 1550 potissimumannr

188 1569 720 1660 principiaservarentaquibus

187 1674 720 1762 essetRomaninominisorigo,

188 1805 267 1851 cum
312 1784 488 1871 hodieque
531 1782 568 1849 in
611 1783 720 1849 sacris

188 1893 337 1957 Martem
370 1901 516 1977 patrem,
545 1892 718 1958 Venerem

189 1997 404 2083 genetricem
431 2018 608 2064 vocemus.

313 2211 464 2276 Maerob.
480 2205 590 2302 1¹12„

186 2334 247 2401 sed
282 2355 362 2401 cum
398 2336 470 2400 lere
494 2345 578 2400 ante
601 2333 718 2420 aequi-

186 2441 344 2509 noctium
374 2461 523 2508 vernum
550 2440 649 2507 triste
672 2438 718 2507 sit

187 2547 323 2615 caelum
380 2558 416 2615 et
462 2546 615 2614 nubibus
660 2547 719 2612 ola

186 2656 343 2737 ductum,
371 2653 432 2732 sed
462 2665 498 2721 et
526 2675 623 2720 mare
657 2675 719 2719 na-

187 2761 394 2848 vigantibus
413 2761 582 2842 clausum,
606 2769 718 2826 terrae

186 2868 293 2935 etiam
324 2867 423 2954 ipsae
450 2879 514 2933 aut
541 2887 633 2952 aqua
657 2875 719 2933 aut

185 2974 313 3062 pruina
354 2984 417 3040 aut
460 2972 602 3040 nivibus
641 2994 719 3038 con-

189 3092 371 3168 tegantur,
427 3100 540 3166 eaque
600 3079 718 3146 omnia

188 3208 307 3271 verno,
343 3187 376 3252 id
413 3197 467 3254 est
488 3187 561 3254 hoc
589 3206 719 3269 mense,

186 3295 404 3382 aperiantur,
451 3293 592 3360 arbores
635 3313 718 3379 quo

186 3423 255 3490 que
270 3422 336 3468 nec
351 3399 470 3467 minus
485 3410 610 3484 cetera,
627 3421 717 3487 quae

185 3508 344 3576 continet
377 3516 492 3601 tetra*
513 3507 648 3593 aperire
679 3528 718 3572 se

184 3616 222 3682 in
240 3635 386 3702 germen
401 3611 585 3700 incipiant:
604 3615 648 3679 ab
660 3612 717 3679 his

185 3720 350 3789 omnibus
376 3741 533 3787 mensem
559 3720 716 3807 Aprilem

185 3828 254 3895 diei
276 3827 406 3896 merito
424 3827 636 3894 credendum
654 3838 716 3909 est,

186 3934 286 4022 quasi
305 3933 495 4021 Aperilem,
517 3933 609 4000 sicut
624 3934 717 4021 apud

186 4041 421 4122 Athenienses
494 4028 719 4131 ἇνθεστηριών

185 4147 278 4225 idem
317 4146 451 4234 mensis
490 4156 637 4214 uocatur
674 4148 718 4214 ab

186 4275 241 4340 eo,
297 4253 391 4352 quod
443 4254 512 4320 hoc
562 4263 718 4340 tempore

184 4371 312 4430 cuncta
336 4351 534 4442 florescant.

830 629 861 694 p.
878 603 981 691 118,:1
1014 605 1154 696 Κίγκιος
1181 597 1258 674 ‹le‘
1242 632 1259 673 ο
1281 595 1362 673 Ρω-

828 718 929 800 μαῖος
979 709 1140 803 σοφιστής
1180 737 1266 804 φησι
1302 707 1362 802 τὴν

829 810 1027 910 Ἀφροδίτην
1074 808 1110 901 ἔξ
1155 810 1262 912 ἀφροῦ
1308 845 1362 888 τε-

828 932 1021 1016 χθῆνοι..

828 1027 1031 1120 p.118,⁵:‘
1019 1025 1071 1101 ότι
1104 1027 1163 1100 τὸν
1184 1025 1362 1122 >Αττρίίιον

830 1167 901 1228 παρ
948 1137 1088 1208 Αἰνείου
1133 1137 1221 1230 πρὸς
1262 1135 1361 1232 τιμὴν

828 1253 888 1336 τῆς
936 1243 1059 1336 μητρὸς
1109 1238 1207 1314 αι’τοῦ
1260 1245 1361 1316 οίονεί

830 1344 1031 1445 appodiatus,
1070 1353 1156 1434 τινὲς
1192 1354 1229 1421 δὲ
1264 1350 1361 1442 παρὰ

827 1466 885 1527 τοο
913 1452 1139 1546 Pupttov‘
1108 1453 1214 1541 οίτως
1246 1452 1360 1547 ὄνομα·

830 1574 952 1658 σθηναι
968 1564 1162 1652 βούλονται·
1191 1594 1249 1636 τοο
1267 1567 1361 1656 πρώ-

827 1699 885 1742 τοο
919 1667 980 1764 γὰρ
1013 1671 1117 1766 μηνὸς
1144 1667 1302 1766 ὀῆθιν’
1280 1702 1361 1744 ανα-

827 1782 983 1862 τεθέντος
1010 1770 1100 1869 ”Apu
1132 1776 1222 1864 εἰκὸς
1245 1774 1284 1873 ἦν
1305 1777 1362 1852 τὸν

828 1887 974 1976 δεύτερον
1025 1879 1200 1980 Ἀφροδίτῃ
1248 1880 1363 1959 orore-

830 2001 942 2085 θῆναι

995 2209 1080 2294 Lyd.
1095 2213 1154 2294 1V,
1160 2235 1189 2277 ιι

827 2355 860 2459 p.
879 2331 1000 2418 118,11:
1016 2289 1337 2427 ἑγκτιλειομίνης
1297 2364 1360 2427 γαρ

828 2434 945 2530 ὥσπερ
979 2467 1026 2530 τῳ
1058 2440 1189 2528 χείματι
1214 2448 1275 2534 τῆς
1299 2469 1363 2534 φο-

829 2574 914 2628 οιως
946 2543 985 2614 τὸ
1020 2547 1080 2637 ἔαρ
1114 2539 1293 2640 ἕξονοίγιιν
1319 2547 1361 2618 τοί

828 2654 1014 2746 πράγματα
1038 2657 1194 2748 neptunu

829 3595 969 3684 ρ.118,ι·
982 3624 1012 3665 οι
1002 3595 1063 3666 ’δὲ
1074 3589 1234 3685 (Ρωμαῖοι
1244 3588 1362 3684 Ἀντρί-

828 3708 899 3773 λιον
922 3695 1040 3772 ιῦοονεί
1063 3694 1310 3828 inuenturos
1287 3704 1362 3780 οντί

827 3838 885 3878 τοι
926 3801 1111 3878 ἅνοικτικὸν
1150 3816 1207 3880 τοῦ
1241 3815 1361 3898 καιροῦ

828 3944 1010 4008 φασιν..
