3318 5050
767 310 988 386 „30-

290 528 352 612 μὲν
387 516 482 594 ἄλλοι
522 525 757 612 στοχαζόμενοι
792 527 953 617 λέγουσιν,
987 523 1052 616 ἐγώ
1087 528 1124 598 dd
1158 540 1265 616 atque
1294 529 1481 616 eiusmodi¹

293 635 424 720 placita
449 634 645 720 conlegisse
667 634 805 704 Gerclre
829 635 935 722 ipse¹)
952 656 996 701 ex
1011 635 1079 702 hoc
1095 635 1275 703 concludit
1291 634 1337 725 [p
1352 633 1477 722 llllplr

292 741 329 840 da
356 738 520 834 ananiae
543 738 614 830 γάρ,
642 731 687 822 ὦς
709 737 845 834 εἴρηται,
872 747 935 808 τοῦ
952 743 1084 830 βορείου
1106 738 1297 828 πνεύματος
1324 733 1481 834 donnini-

290 873 400 933 μενος.
448 849 564 933 Atque
593 846 687 935 quod
715 847 853 916 illevit
881 847 1036 935 doctns2)
1060 848 1163 917 dicit:
1189 847 1397 934 „Stilistisch
1421 851 1479 936 ist

293 955 389 1020 diese
413 939 624 1040 [iussernng
649 955 744 1021 eines
767 954 889 1040 wenig
912 954 1157 1040 berechtigten
1179 955 1475 1024 Selbstbewusst-

295 1062 389 1128 seins
413 1063 469 1149 (cl.
494 1062 632 1130 Chresti
656 1062 763 1129 verba
787 1084 841 1149 ap.
866 1062 955 1146 Lyd.
979 1084 1011 1148 p.
1027 1057 1143 1146 mun)
1167 1062 1233 1129 mit
1256 1063 1318 1129 der
1342 1064 1477 1148 Sokra-

294 1169 430 1235 tischen
461 1190 517 1234 ars
547 1168 725 1234 nesciendi
749 1162 802 1255 (τό
819 1158 849 1235 δ’
863 1159 995 1255 ἀτρεκές
1017 1169 1052 1256 p.
1076 1165 1177 1251 147,ο)
1202 1169 1301 1235 nieht
1323 1169 1359 1234 in
1386 1172 1475 1237 Ver-

293 1275 457 1360 bindung
477 1287 637 1360 -gesetztz
672 1276 736 1342 das
773 1275 875 1342 weist
902 1275 1089 1361 zwingend
1120 1276 1181 1342 aul
1215 1277 1473 1343 verschiedene

294 1381 445 1465 Quellen
470 1382 542 1464 hin,
566 1382 735 1449 Chrestus
760 1381 833 1448 und
849 1382 1012 1464 Seneca,“
1036 1382 1122 1449 mibi
1147 1404 1218 1449 non
1242 1383 1329 1450 satis
1345 1385 1476 1471 proba„

295 1489 364 1556 bile
388 1489 530 1556 videtur
554 1499 662 1576 atque
684 1488 721 1556 in
747 1489 1036 1577 compilatoribus
1060 1489 1193 1557 nullius
1209 1491 1379 1557 momenti
1397 1502 1471 1562 est:

293 1617 397 1682 quam
427 1596 472 1663 ob
500 1618 572 1662 rem
603 1605 721 1662 utrum
753 1597 875 1680 Lydus
903 1618 949 1662 an
978 1596 1149 1664 Chrestns
1178 1596 1214 1662 id
1243 1597 1475 1674 commiserit,-

295 1703 479 1770 diiudicari
504 1703 565 1769 vix
589 1712 716 1789 potest.
763 1703 903 1786 Quibus
927 1703 971 1769 de
995 1703 1111 1769 causis
1135 1703 1280 1770 Ioannis
1298 1704 1468 1770 Friderici

293 1810 459 1877 Schultze
492 1821 528 1876 et
560 1809 708 1897 Georgii
737 1809 863 1876 Miller
893 1810 1096 1895 opinionem
1125 1811 1169 1876 de
1198 1811 1291 1895 Lydi
1323 1822 1474 1878 auctore

292 1917 394 1982 nobis
423 1938 487 2004 pro
516 1939 600 1983 vera
628 1916 827 1984 habendam
861 1938 938 1983 esse
972 1921 1139 1996 censeo.³)
1197 1921 1364 1984 Attamen
1400 1918 1475 1984 hac

293 2045 364 2089 una
400 2024 443 2090 de
477 2046 515 2088 re
542 2023 724 2092 Schultzio
760 2023 924 2090 assentiri
959 2045 1030 2089 non
1059 2045 1213 2110 possum,
1248 2025 1341 2110 quod
1370 2025 1475 2092 hunc

294 2141 473 2197 auctorem
503 2132 546 2196 ab
576 2130 732 2196 eiusdem
762 2130 916 2197 nominis
940 2132 1173 2216 grammatico
1200 2131 1367 2198 Africano
1395 2154 1475 2199 non2

294 2237 588 2322 distinguendum
624 2259 701 2304 esse
728 2238 845 2311 docet;
882 2258 964 2304 nam
1001 2237 1155 2323 aliquem
1191 2239 1474 2323 grammaticum

292 2345 367 2410 suis
395 2343 696 2430 disputationibus
726 2343 968 2430 grammaticis
997 2356 1069 2412 tam
1094 2345 1252 2431 amplum
1277 2367 1475 2413 excursum.

293 2451 337 2517 ad
363 2451 619 2537 geographiam
643 2451 880 2537 pertinentem
906 2451 1096 2520 inseruisse
1119 2451 1207 2518 mihi
1229 2452 1372 2539 quidem
1391 2453 1473 2520 veri

291 2557 462 2624 dissimile
487 2563 578 2637 est.⁴)

398 2701 435 2788 β)
469 2703 610 2767 Praeter
640 2700 732 2767 hanc
763 2702 807 2766 de
838 2699 911 2767 Nili
943 2701 1175 2768 inundatione
1206 2703 1474 2788 expositionem

293 2809 432 2894 Lydum
466 2830 525 2873 eas
557 2806 644 2894 quas
668 2808 704 2872 in
729 2810 825 2892 1v,⁴2
850 2813 894 2895 (p.
912 2803 1065 2895 99,11sq.l
1089 2809 1235 2894 praebet
1258 2802 1397 2875 fabulas
1422 2833 1467 2876 ex

292 2917 411 3003 aliquo
434 2916 660 2981 conlectaneo
678 2924 881 2982 mutuatum
906 2936 982 2980 esse
998 2915 1132 3001 opinor.
1181 2917 1261 2982 Hoc
1277 2915 1370 2981 enim
1388 2919 1471 2982 loco

296 3022 420 3088 Martis
459 3044 534 3089 esse
574 3022 691 3087 labam
733 3021 889 3108 explicat
925 3031 1110 3109 propterea
1148 3023 1240 3109 quod
1288 3023 1467 3108 sanguine

295 3151 496 3216 praegnans
520 3129 582 3206 sit;
607 3141 642 3196 et
665 3129 761 3195 hisce
777 3128 895 3195 verbis
919 3128 1026 3194 adicit
1049 3129 1285 3194 narrationem
1311 3131 1355 3194 de
1375 3130 1468 3214 faba,

294 3258 383 3321 qnae
407 3235 591 3303 hominnm
617 3257 762 3323 corpora
787 3257 867 3302 cum
893 3235 1009 3301 editur
1033 3237 1076 3300 ad
1097 3236 1323 3302 concubitum
1340 3236 1475 3302 incitet'

291 3352 398 3429 atque
428 3343 479 3410 ita
511 3343 647 3408 animos
680 3343 724 3408 ad
750 3342 1013 3428 generationem
1040 3342 1182 3409 alliciat.
1229 3345 1305 3408 Iam
1329 3343 1374 3408 de
1397 3344 1473 3408 hoc·

291 3450 408 3516 fructu
440 3450 578 3516 fabulas
610 3471 770 3514 enarrare
802 3447 921 3535 pergit
952 3459 987 3514 et
1019 3448 1242 3516 Heraclidem
1278 3449 1473 3516 Ponticum¹

401 3647 427 3734 1)
449 3653 470 3709 Ι.
492 3670 518 3711 c.
541 3671 570 3727 p
587 3650 639 3712 98.

399 3741 413 3781 2
450 3743 468 3798 l.
492 3759 518 3799 c.
542 3761 571 3816 p.
588 3739 640 3801 99.

399 3829 413 3872 ³
458 3838 593 3890 attamen
628 3848 769 3905 magnam
804 3830 941 3887 Senecae
966 3829 1073 3905 capitis
1104 3828 1185 3895 1v‚2
1217 3831 1359 3886 lacunam
1390 3830 1465 3904 Lydi

292 3919 401 3978 auxilio
426 3920 539 3996 expleri
562 3937 653 3996 posse
674 3937 736 3977 non
751 3933 845 3994 negot
868 3919 973 3976 videas
988 3918 1083 3985 Diels,
1106 3918 1238 3994 Doxogr.
1254 3936 1295 3994 gr.
1312 3938 1343 3994 p.
1358 3909 1473 3990 mar,

291 4009 409 4068 Seneca
437 4008 498 4065 und
512 4001 626 4066 ¹Lucan
650 4005 741 4087 (Abh.
769 4008 824 4066 der
846 4008 967 4083 Konigl.
990 4007 1086 4065 Akad.
1114 4008 1168 4064 der
1191 4007 1277 4068 Wiss.
1305 4025 1343 4064 an
1365 4007 1465 4064 Berlin

291 4116 345 4156 ans
373 4098 445 4158 dem
467 4098 557 4173 Jahre
585 4094 682 4172 1885)
706 4096 804 4158 Berol
833 4095 916 4160 1886
940 4095 1166 4172 Abn.111p.6
1190 4103 1252 4157 not.
1278 4095 1313 4162 3;
1342 4095 1465 4154 Gercke

290 4188 309 4244 ¹⁸
325 4205 351 4244 ε’
367 4184 487 4357 Ρόξὸοῐ.
511 4274 631 4333 Gercke
656 4275 674 4330 l.
695 4291 722 4330 c.
742 4295 771 4350 p.
788 4273 846 4341 98;
872 4274 1023 4339 Wissowa
1045 4273 1296 4350 Realencyc1.‚111
1318 4293 1348 4348 p.
1364 4241 1474 4336 2449:
