3318 5050
648 367 893 440 ...101-

171 596 390 662 mercatores
432 607 554 654 omnes
594 585 711 654 Maiae

173 695 307 784 puriter
334 692 578 780 Mercurioque
606 692 711 760 sacri·

171 802 294 872 licant.

306 977 455 1048 Maerob.
472 974 587 1061 112,το

175 1104 304 1173 lunius
322 1102 457 1171 Maium
474 1102 633 1188 sequitur
649 1112 713 1169 aut

174 1222 345 1298 exparte
372 1208 505 1299 populi,
539 1219 712 1296 utsupra

174 1317 345 1400 diximus,
361 1315 566 1403 nominatus
583 1323 655 1398 aut,
672 1325 713 1394 nt

175 1423 328 1510 Cingius
351 1422 550 1506 arbitratur,
581 1470 711 1491 ......

286 1529 390 1596 aedes
405 1528 532 1597 Iunoni
549 1532 712 1596 Monetae

179 1637 329 1703 Kalend.
347 1635 458 1703 Iuniis
474 1635 635 1702 dedicata
649 1645 712 1702 est.

310 1903 462 1970 Macrob.
479 1898 590 1984 llam

177 2019 341 2117 sequitur
378 2026 490 2094 Iulius
525 2025 597 2114 qui,
632 2048 713 2093 cum
770 2033 771 2042 ’

178 2134 376 2204 secundnm
429 2131 572 2201 Romuli
626 2131 715 2199 ordi-

179 2240 376 2325 nationem,
443 2239 570 2307 Martio
631 2237 715 2305 anni

181 2357 327 2416 tenente
350 2346 572 2435 principium,
605 2345 717 2431 Quin-

182 2455 256 2524 tilis
291 2477 312 2520 a
347 2475 494 2522 numero
524 2464 715 2538 vocaretur,

180 2561 295 2628 nihilo
319 2561 436 2628 minus
465 2570 582 2627 tamen
608 2559 715 2627 etiam

182 2679 265 2755 post
298 2667 517 2755 praepositos
548 2690 569 2733 a
597 2668 717 2732 Numa

185 2774 389 2842 Ianuarium
418 2796 460 2841 ac
484 2772 717 2841 Februarium

182 2880 332 2949 retinuit
366 2902 505 2964 nomen,
541 2901 621 2946 cum
646 2899 717 2945 uon

185 2987 365 3054 videretur
385 2987 456 3055 iam
479 2986 625 3074 quintus
642 3007 718 3052 esse

183 3094 247 3160 sed
272 3094 456 3181 septimus.

183 3202 247 3268 sed
294 3211 418 3289 postea
462 3200 498 3265 in
549 3200 719 3266 honorem

187 3307 269 3375 Iulii
321 3307 479 3378 Caesaris
530 3303 720 3388 dictatoris,

184 3415 304 3501 legem
334 3415 468 3482 ferente
494 3416 541 3480 M.
565 3411 721 3479 Antonio

189 3523 235 3588 M.
275 3520 349 3588 tilio
400 3521 558 3603 consule,
608 3519 722 3586 Iulius

185 3629 386 3716 appellatus
425 3639 487 3705 est,
524 3626 619 3714 quod
654 3626 722 3692 hoc

187 3756 310 3801 mense
337 3755 367 3801 a.
391 3734 423 3801 d.
447 3745 611 3821 quartum
637 3734 722 3799 Idus

187 3841 361 3925 Quintilis
419 3840 533 3910 Iulius
589 3861 722 3928 procre·

187 3957 270 4016 atus
294 3948 351 4016 sit.

317 4107 470 4178 Macrob.
488 4107 599 4193 112,³⁵

188 4235 379 4321 Augustus
414 4233 541 4302 deinde
564 4245 627 4317 est,
661 4233 722 4321 qui

187 4341 335 4410 Sextilis
377 4352 482 4440 antea
509 4339 722 4443 uocabatur,

817 609 855 652 τι
869 583 925 652 καὶ
934 574 1034 674 Ἑρμῇ
1051 580 1083 650 oi
1101 575 1352 673 πραγματευταὲ

818 682 974 758 ἀκίνδυνα
989 684 1032 758 τὰ
1044 692 1242 779 τῶνκτρδῶυ
1254 684 1353 758 εἶναι.
1463 743 1465 750 ⁴

821 1117 863 1186 el.
878 1118 964 1204 Lyd.
976 1120 1071 1201 IV,oo
1089 1119 1135 1205 (p.
1148 1114 1269 1204 136,ιι)
1282 1118 1353 1184 iam

820 1245 928 1313 supra
951 1224 1178 1312 descriptum.

981 1383 1068 1470 Lyd.
1093 1385 1188 1470 IV,oo

821 1533 852 1598 μ
869 1506 988 1593 136μιτ
1006 1508 1195 1590 Koursou
1210 1499 1357 1587 Ἰουνίαις

820 1611 916 1706 ἑορτὴ
931 1608 1041 1703 Ἥρας
1062 1615 1120 1683 καὶ
1144 1604 1237 1701 εὐχαὶ
1260 1615 1295 1682 ἐν
1310 1621 1356 1702 τῷ

822 1721 1041 1811 Καπετωὶλῳ.

984 1900 1073 1985 Lyd.
1091 1901 1199 1982 IV‚roa

823 2048 854 2114 p.
879 2021 998 2110 141,1³:
1027 2019 1085 2092 τὸν
1108 2014 1243 2093 Ἰούλιον
1270 2030 1359 2116 μῆνα

823 2131 985 2219 πέμπτον
1007 2132 1068 2207 μὲν
1084 2120 1125 2200 ὅν
1140 2158 1191 2212 τις
1208 2122 1283 2201 α’ντό
1298 2135 1358 2226 τοῦ

823 2241 1010 2324 πολιτικοῦ,
1045 2240 1188 2325 ἕβδομον
1218 2240 1256 2307 δὲ
1283 2232 1357 2306 rino*

822 2351 880 2413 τοῦ
896 2342 1057 2434 ἱερατικοῦ
1074 2343 1173 2431 λάβοι
1193 2344 1359 2438 ἐνιαυτοῖν·

824 2443 898 2520 rinei
914 2440 975 2542 γαρ
989 2458 1047 2520 τοῦ
1060 2451 1213 2540 Μαρτίου
1225 2492 1267 2502 -
1278 2454 1360 2520 ἐκεῖ·

825 2584 879 2640 νος
900 2558 938 2628 δὲ
961 2551 1000 2650 ἦν
1024 2550 1042 2628 ὁ
1066 2555 1164 2646 νεαροὶ
1187 2551 1358 2652 Ῥωμύλου

824 2666 938 2746 τεθεὶς
961 2662 1009 2746 εἰς
1033 2657 1135 2756 ἀρχὴν
1150 2673 1208 2734 τοῦ
1224 2668 1360 2735 πολιτι-

825 2777 884 2840 κοῦ
896 2773 1082 2840 ἑνιαυτοῦ-
1090 2773 1358 2860 πέμπτοςέοτίν,

827 2871 912 2946 ὅθεν
934 2879 991 2946 καὶ
1015 2878 1195 2959 Κυντίλιος
1217 2875 1257 2947 τό
1280 2880 1360 2970 πρὶν

827 2976 1035 3071 ὠνομάζετο·
1060 2987 1202 3072 ἕβδομος
1225 2986 1262 3054 δὲ
1286 2976 1360 3053 eino

825 3097 884 3159 τοῦ
907 3083 1119 3181 Ἰανουαρίου·
1146 3086 1309 3182 ἱερατικὰς
1324 3095 1362 3161 δὲ

827 3186 924 3278 οὗτος
946 3193 1031 3268 κατὰ
1053 3193 1110 3266 τὸν
1135 3205 1279 3285 Νουμᾶν.

829 3296 969 3374 ὃτοίνιν
996 3311 1128 3394 Καῖσαρ
1154 3357 1360 3374 .......
1365 3383 1367 3389 y

829 3403 928 3500 οὖρών
965 3406 1024 3481 τὸν
1063 3415 1238 3481 Κυντίλιον
1275 3413 1363 3504 μῆνα

829 3515 890 3611 τήν
924 3518 1155 3610 προσηγορίαν
1183 3519 1364 3605 μετέβαλεν

831 3678 995 3695 .......
1011 3622 1070 3694 ritui
1094 3622 1133 3694 τό
1157 3617 1256 3694 αιῖτὸν
1279 3627 1365 3694 ἐκεῖ·

832 3759 886 3801 νον
908 3727 992 3800 κατὰ
1014 3729 1074 3822 τήν
1098 3727 1168 3820 πρὸ
1192 3731 1364 3821 τεσσάρων

833 3839 941 3908 Εἶδῶν
992 3845 1051 3907 τοῦ
1097 3837 1204 3931 μηνός
1248 3838 1366 3907 τούτου

832 3954 1005 4036 τεχθῆναι.

991 4109 1079 4194 Lyd.
1097 4110 1205 4192 IV,111

831 4255 864 4320 p.
889 4228 1010 4316 149,20:
1035 4225 1087 4300 ὅτι
1112 4231 1150 4299 δὲ
1174 4230 1267 4312 ἕκτος
1290 4223 1364 4299 dni

830 4345 888 4407 τοῦ
912 4338 1074 4427 Μαρτίου,
1104 4339 1140 4420 ἒξ
1166 4331 1268 4429 αὐτῆς
1296 4344 1368 4406 ἐστι
