3318 5050
674 397 893 466 ..75-

193 613 492 688 demonstravith
540 614 640 698 Quos
663 634 785 680 omnes
805 612 939 681 indices
955 613 1049 700 qnod
1065 622 1278 699 argumento
1293 612 1372 699 ipso

196 741 278 794 cum
303 719 444 806 placitis
467 719 511 788 de
526 719 581 786 dis
598 730 674 786 arte
690 719 881 787 cohaerent
896 729 932 787 et
947 721 1156 808 plerumque
1172 719 1221 786 ibi
1238 729 1371 802 extant,

196 825 259 892 ubi
284 825 406 912 Lydus
429 825 465 892 in
489 825 689 914 propinquo
707 826 1043 914 Neoplatonicorum
1069 826 1221 912 vestigia
1242 825 1371 912 pressit

199 930 255 1022 [cl.
268 932 518 1018 Dionysorurn,
538 935 729 1017 Venernm,
747 934 984 1002 Vulcanorum
1004 931 1167 1022 tabulas],
1186 955 1232 999 ex
1248 933 1370 998 eodem

197 1025 217 1106 e
246 1062 316 1126 quo
344 1039 463 1107 omnia
486 1040 621 1127 reliqua
644 1041 688 1106 de
711 1040 766 1106 dis
789 1041 920 1128 placita
943 1042 1133 1128 desumpta
1160 1050 1245 1108 sunt
1273 1041 1372 1106 fonte

198 1146 346 1214 fluxisse
370 1169 439 1213 non
464 1146 599 1213 incauti
624 1169 702 1214 esse
725 1147 813 1212 mihi
839 1147 978 1214 videtur
1002 1147 1172 1215 conicere.

210 1285 213 1294 v
306 1253 444 1337 Quibus
476 1253 642 1320 omnibus
670 1254 893 1341 perlustratis
921 1277 1012 1342 quae
1040 1255 1085 1320 ad
1107 1249 1206 1341 ‘Lydi
1235 1255 1371 1320 iontem

192 1361 444 1447 ‘indagandum
478 1361 623 1444 faciunt,
659 1360 745 1426 mihi
782 1361 818 1426 id
854 1373 1015 1428 constare
1051 1361 1191 1428 videtur
1227 1361 1369 1448 Lydum

201 1468 490 1555 Macrobinmque
522 1469 559 1533 in
593 1468 643 1533 eis
679 1467 838 1554 partibus
878 1490 969 1555 qnae
1004 1469 1047 1534 ad
1080 1469 1209 1554 placita
1241 1467 1371 1534 dedis

198 1575 403 1662 deabusque
438 1584 599 1661 spectent
633 1575 676 1640 ad
713 1576 854 1640 eosdem
892 1586 1052 1642 auctores
1093 1575 1235 1642 ultimos
1269 1576 1372 1661 [lam-

199 1680 355 1748 blichum
373 1693 409 1748 et
425 1681 626 1748 Cornelium
640 1681 855 1767 Labeonem]
872 1682 993 1764 redire,
1009 1703 1234 1770 nequaquam
1251 1692 1369 1750 autem

199 1813 243 1854 ex
267 1810 339 1855 uno
363 1790 461 1855 fonte
484 1789 646 1876 proximo
669 1787 844 1862 hausisse·
868 1811 949 1855 nam
975 1800 1108 1855 certum
1127 1799 1182 1856 est
1199 1792 1370 1856 Ioannem

199 1897 413 1964 adhibuisse
428 1918 527 1984 opus,
551 1895 645 1984 quod
669 1895 713 1962 ab
737 1895 881 1962 homine
902 1897 1161 1983 Neoplatonico
1185 1903 1269 1980 (non
1293 1896 1372 1962 sine

200 2003 360 2070 veritatis
392 1995 508 2090 specie
540 2026 561 2071 a
585 2003 721 2086 Proclo)
751 2002 986 2088 compositum
1017 2004 1213 2070 doctrinam
1240 2003 1372 2070 theolo-

201 2110 318 2196 gicam
342 2109 577 2178 recentiorum
604 2109 865 2176 Platonicorum
890 2118 926 2174 et
947 2111 1163 2176 Graecorum
1189 2121 1225 2177 et
1242 2113 1371 2176 Roma·

198 2239 322 2284 norum
352 2217 556 2304 amplexum
581 2227 643 2282 est.

759 2453 812 2516 la.

306 2594 387 2676 Qua
401 2593 608 2678 quaestione
622 2592 786 2680 expedita
799 2601 918 2670 restat,
932 2604 972 2659 ut
984 2615 1069 2660 num
1084 2593 1207 2678 Lydus
1220 2594 1370 2660 aliorum

197 2701 506 2768 coniectaneorum
534 2698 688 2783 vestigia
723 2699 889 2786 presserit
923 2720 1145 2785 quaeramus.
1193 2702 1297 2766 Illum
1333 2701 1370 2766 id

197 2807 324 2872 iecisse
346 2806 461 2892 primo
485 2805 612 2871 obtutu
637 2805 884 2890 cognoscimus
909 2827 952 2871 ex
976 2828 1027 2889 eo,
1052 2807 1145 2892 quod
1163 2808 1265 2891 Lydo
1289 2829 1371 2874 con·

197 2912 350 2980 suetudo
373 2923 437 2994 est,
469 2925 510 2978 ut
533 2911 747 2999 ubicumque
770 2911 841 2977 fors
866 2933 946 2978 eum
971 2913 1007 2977 in
1032 2924 1188 2980 exteram
1213 2916 1369 3001 aliquam

197 3039 321 3086 vocem
354 3019 429 3103 fert,
461 3019 537 3084 eius
568 3019 866 3103 significationem
898 3019 1026 3086 addere
1050 3021 1233 3108 studeat2).
1280 3023 1372 3106 Quis

202 3148 284 3193 vero
315 3126 380 3192 has
412 3123 676 3213 explicationes,
711 3146 862 3210 quarum
894 3147 1082 3193 numerum
1114 3148 1185 3194 uon
1218 3150 1369 3214 parvum

198 3256 275 3301 esse
306 3255 350 3298 ex
374 3231 580 3301 Wuenschii
608 3231 724 3297 indice
756 3233 954 3317 glossarum
987 3234 1215 3320 intellegas³)‚
1246 3257 1371 3302 omnes
1491 3291 1493 3295 ,

197 3340 315 3426 ipsum
339 3338 518 3406 invenisse
542 3338 609 3404 sibi
633 3338 863 3425 persuadeat?
909 3343 1026 3406 Hasce
1050 3341 1162 3426 igitur
1185 3364 1229 3407 ex
1251 3342 1372 3427 aliquo

200 3446 373 3533 glossario
416 3467 495 3512 eum
541 3446 702 3512 hausisse
745 3467 808 3532 pro
854 3457 948 3514 certo
995 3469 1126 3534 ponere
1171 3470 1372 3535 possumus,

198 3552 405 3640 praesertim
448 3573 539 3638 quae
584 3551 682 3618 nullo
726 3553 871 3638 negotio
910 3574 929 3619 e
967 3555 1153 3621 verborum
1200 3565 1369 3622 contextu

198 3659 405 3728 avellantur.
453 3661 578 3745 Itaque
611 3680 681 3745 qua
713 3681 772 3725 eas
803 3660 973 3726 afferendi
997 3663 1253 3728 consuetudine
1278 3665 1372 3733 Lau-

197 3765 332 3833 rentius
360 3786 446 3831 usus
470 3765 525 3848 sit,
551 3765 674 3851 paucis
702 3765 931 3832 inlustremns
959 3768 1141 3855 exemplis.
1189 3768 1308 3854 Lydus
1332 3771 1370 3835 in

198 3875 256 3955 Iso
285 3873 445 3940 cumulat
475 3872 623 3958 glossas,
655 3872 715 3938 ubi
746 3873 790 3938 de
820 3885 945 3939 senatu
977 3875 1013 3938 in
1041 3876 1213 3941 Palatium
1247 3887 1372 3942 coacto

197 3979 355 4067 loquitur
372 3979 698 4064 sententiarumque
711 3999 847 4045 conexu
861 3981 1058 4067 interrupto
1070 3969 1370 4069 significationem

310 4182 320 4220 1

307 4178 335 4350 ²3
358 4181 559 4329 marileifi
583 4272 809 4330 observationes
831 4273 850 4329 l.
866 4290 893 4336 c.
910 4293 940 4348 p.
960 4272 1049 4349 13sq.

307 4357 333 4435 ³)
357 4359 395 4418 cl.
418 4359 591 4418 Wuenschii
615 4359 780 4419 editionem
803 4361 963 4438 p.189sq.
