3294 5056
664 394 862 464 -3-

179 614 224 680 ob
240 613 308 681 hoc
322 613 439 702 ipsum
451 625 612 685 veterum
630 623 813 682 auctorum
827 613 984 681 studium
997 614 1144 684 minime
1156 613 1348 702 neglegen-

179 721 263 788 dum
288 743 365 788 esse
387 722 516 791 librum
539 723 641 790 illum
666 724 707 788 de
729 722 900 788 mensibus
916 724 1041 808 patet.“
1051 725 1071 806 ¹)

285 830 386 914 Quae
396 852 476 897 cum
491 852 555 897 suo
567 830 644 897 iure
654 829 890 900 Wuenschius
901 828 1061 916 posuerit
1073 838 1109 897 et
1119 829 1163 897 de
1174 829 1230 898 his
1242 829 1347 899 rebus

178 937 272 1022 apud
291 937 430 1022 Lydum
455 937 685 1006 observandis
708 958 821 1023 usque
845 936 889 1004 ad
913 936 982 1003 hoc
998 945 1137 1024 tempus
1153 936 1348 1004 continenti

177 1043 423 1129 disquisitione
450 1053 590 1133 praeter
612 1048 782 1112 Ioannem
808 1043 1025 1111 Fridericum
1048 1044 1214 1114 Schultze
1244 1066 1349 1132 quae·

49 1175 52 1182 ·
177 1151 333 1218 stionum
373 1152 614 1238 Lydianarum
653 1153 860 1234 auctorem2)
899 1174 1004 1219 nemo
1043 1152 1115 1219 fere
1156 1151 1346 1241 quicquam

66 1305 70 1312 ·
178 1256 363 1346 scripserit,
380 1260 474 1326 unde
490 1261 705 1348 patefactum
724 1281 801 1327 esse
817 1280 989 1346 magnum
1007 1258 1227 1348 fertilemque
1243 1281 1348 1348 quae·

176 1364 276 1431 rendi
300 1386 465 1454 campum
490 1367 644 1454 adparet,
668 1366 862 1434 haedere
886 1386 1036 1434 examen
1057 1365 1243 1434 instituere
1258 1367 1346 1434 mihi

177 1493 247 1538 non
272 1472 427 1540 alienum
452 1473 601 1543 videtur.
648 1472 714 1540 Ille
744 1472 838 1540 enim
861 1473 916 1541 vir
940 1473 1074 1558 doctus,
1103 1473 1231 1560 quide
1255 1474 1347 1560 Lydi

177 1578 315 1666 scriptis
339 1580 563 1666 maximeque
588 1580 647 1665 eis,
675 1580 803 1667 quibus
828 1580 953 1647 titulus
977 1591 1031 1648 est
1054 1580 1135 1668 περὶ
1158 1571 1268 1667 ἀρχῶν
1289 1587 1348 1672 τῆς

175 1675 349 1772 Ῥωμαίων
383 1685 606 1776 πολιτείας,3)
642 1687 865 1774 quaestiones
900 1686 1069 1772 instituit,
1105 1687 1170 1756 etsi
1205 1711 1276 1754 non
1311 1690 1345 1754 id

177 1792 316 1879 agebat,
339 1803 380 1862 ut
405 1795 496 1880 Lydi
519 1796 644 1879 fontes,
669 1817 688 1861 e
711 1795 841 1882 quibus
865 1794 901 1860 in
925 1794 1006 1884 περὶ
1029 1801 1139 1885 μηνῶν
1160 1795 1347 1881 hausisset,

176 1900 360 1988 detegeret
380 1904 438 1970 vel
459 1902 666 1987 nominaret,
691 1911 810 1968 tamen
827 1903 996 1970 adcurata
1012 1901 1259 1990 disquisitione
1275 1902 1345 1970 iam

176 2007 262 2075 satis
286 1999 417 2076 m'ultas
441 2031 532 2096 quae
555 2031 632 2078 sese
655 2009 811 2077 offerunt
826 2008 1056 2076 difficultates
1072 2009 1217 2076 sustulit
1232 2031 1346 2096 neque

175 2113 270 2182 illius
294 2116 471 2184 sententia
487 2138 656 2204 umquam
673 2116 818 2203 neglegi
834 2125 962 2203 potest.
1009 2119 1086 2182 Nec
1102 2115 1219 2183 minus
1235 2138 1345 2202 grave

176 2223 220 2290 ad
232 2223 486 2292 absolvendam
502 2223 595 2291 hanc
607 2223 883 2311 disputationem
898 2223 1096 2290 subsidium
1111 2223 1346 2294 Wuenschius

175 2331 251 2418 ipse
267 2330 369 2398 nobis
386 2353 427 2398 eo
443 2331 597 2419 praebet,
620 2332 713 2419 quod
732 2340 774 2397 ut
790 2352 897 2418 quam
913 2331 1085 2418 plurimos
1101 2330 1234 2398 similes
1249 2331 1345 2398 locos

175 2438 349 2505 adnotans
373 2438 474 2506 nobis
497 2439 613 2506 fontes
630 2438 809 2524 Lydianos
826 2437 1048 2525 indagaturis
1064 2459 1233 2526 persaepe
1248 2439 1343 2507 viam

175 2546 366 2632 quaerendi
395 2545 540 2633 egregie
567 2554 749 2631 monstret,
783 2544 820 2612 in
853 2545 947 2634 Lydi
965 2545 1079 2612 ¹libris
1114 2544 1345 2612 inlustrandis

174 2652 389 2720 laudabilem
417 2653 617 2721 conlocavit
646 2673 800 2740 operam.
847 2651 977 2721 Omnia
1006 2653 1075 2720 alia
1104 2661 1225 2720 antem
1254 2675 1345 2740 quae

174 2759 274 2846 quasi
309 2759 347 2826 in
382 2770 586 2829 transcursu
625 2782 893 2847 nonnumquam
929 2759 996 2828 viri
1033 2759 1126 2826 docti
1162 2759 1207 2826 de
1243 2761 1343 2846 Lydo

174 2866 461 2952 observaverunt,
485 2874 560 2935 suis
582 2867 669 2935 locis
694 2867 882 2934 afferemus
906 2876 942 2933 et
965 2865 1236 2936 recensebimus

284 3069 305 3150 ¹)
328 3073 386 3130 hoc
410 3071 584 3130 Wuenscbii
614 3071 759 3129 iudicium
789 3088 851 3128 non
877 3069 969 3128 modo
1000 3069 1032 3128 in
1055 3088 1126 3128 enm
1148 3073 1230 3130 valet
1252 3091 1344 3150 quem

174 3179 253 3218 nunc
285 3162 384 3237 ipsum
407 3163 437 3220 in
464 3161 604 3220 manibus
630 3162 779 3219 babemus
807 3167 976 3228 auctorem,
1011 3160 1065 3217 sed
1093 3161 1187 3219 etiam
1214 3161 1245 3219 in
1275 3180 1344 3238 per·

174 3254 283 3310 multos
307 3251 382 3310 alios
413 3251 641 3328 compilatorem
672 3268 744 3308 nam
774 3267 812 3307 ex
839 3249 883 3307 eis
913 3248 985 3325 ipsis
1016 3249 1147 3325 scriptis,
1177 3269 1257 3326 quae
1279 3263 1345 3328 per·

176 3340 277 3398 multas
311 3341 441 3417 relr'qm'as
463 3341 627 3418 optr'momm
654 3340 754 3417 optrini
776 3339 1086 3416 tempon's'smptomm
1110 3339 1159 3414 (cf.
1181 3340 1221 3398 H.
1240 3340 1345 3411 Linlre,

174 3429 377 3498 Quaestiones
412 3432 451 3488 de
486 3430 635 3488 Macrobii
669 3429 905 3487 Satumaliorum
940 3428 1086 3497 fontibus,
1121 3429 1190 3488 diss.
1225 3431 1344 3489 Vratisl.

176 3517 260 3578 1880
284 3539 313 3595 p.
329 3514 364 3601 3)
388 3519 571 3578 continuisse
594 3519 672 3577 inter
696 3536 802 3578 omnes
826 3524 954 3588 constat,
984 3518 1174 3594 intellegitur,
1198 3527 1344 3595 qnantum

172 3608 283 3666 veteris
314 3609 469 3690 doctrinae
500 3607 688 3683 temporibus
711 3608 864 3683 scriptoris
888 3607 969 3683 apud
993 3625 1099 3665 omnes
1122 3607 1185 3666 fere
1210 3609 1343 3668 eruditos

173 3698 311 3756 homines
344 3705 540 3774 pervagatum
572 3696 673 3765 luerit;
706 3697 744 3756 cf.
778 3698 871 3755 etiam
903 3697 985 3773 qnod
1016 3697 1054 3754 de
1085 3699 1143 3755 hac
1170 3716 1203 3755 re
1227 3699 1345 3774 scripsit

172 3786 355 3845 Mercklinns
378 3786 454 3856 „Die
479 3787 591 3863 isagog
613 3785 761 3844 Schriften
784 3787 838 3844 der
859 3786 991 3844 Rbmer‘
1014 3786 1045 3843 in
1068 3787 1213 3864 Philologi
1228 3790 1286 3846 vol.
1301 3789 1344 3847 lV

172 3895 201 3952 p.
217 3873 281 3936 435
298 3894 342 3952 sq.

199 3991 205 4006 ·
282 3965 307 4034 ²)
330 3966 353 4022 1.
376 3965 408 4023 F.
431 3966 578 4034 Sebritae,
606 3964 828 4032 Quaestionum
851 3964 1053 4040 Lydianarum
1079 3966 1227 4042 particula
1254 3967 1343 4044 prior,

172 4056 242 4114 diss.
265 4054 429 4131 Gryphisw.
457 4053 550 4119 1862.

281 4141 307 4222 ³)
329 4145 399 4202 vide
415 4144 509 4220 ipsius
520 4143 663 4204 Schultrii
677 4145 772 4202 verba
782 4146 801 4201 l.
817 4161 843 4201 c.
854 4163 884 4219 p.
896 4143 929 4205 2:
948 4162 1043 4220 „opus
1059 4146 1141 4221 quod
1153 4146 1343 4222 potissimum

171 4234 260 4293 nobis
284 4234 518 4292 examinandum
541 4235 728 4292 sumsimus.“
