3294 5056
803 384 1022 460 ..16-

324 604 495 672 delibatas
523 605 560 671 in
588 626 699 672 unum
730 614 941 674 concentum
969 605 1149 692 redegisse
1172 614 1284 694 patet:
1313 604 1349 672 id
1374 613 1494 675 autem

322 711 383 779 ille
403 711 495 797 iecit,
519 712 612 799 quod
637 722 768 798 auctor,
792 713 849 781 cui
872 714 1008 780 dierum
1032 713 1165 781 indices
1189 713 1303 798 debet,
1326 713 1395 781 hoc
1417 713 1495 800 ipso

321 819 400 886 loco
423 839 504 886 eum
528 819 565 886 in
588 819 681 886 hanc
703 842 778 887 rem
802 821 947 889 ferebat.

430 926 539 994 Cuius
572 927 622 994 rei
652 927 748 994 aliud
778 929 939 996 excitabo
969 929 1182 1016 exemplum.
1236 931 1277 995 In
1307 927 1390 996 anni
1419 949 1494 996 ver·

323 1034 430 1102 tentis
460 1035 632 1102 naturalis
655 1034 863 1104 definitione
885 1035 923 1102 in
946 1037 1028 1121 III,r
1055 1032 1198 1124 (p.39,1)
1222 1034 1344 1120 Lydus
1368 1034 1412 1102 ab
1436 1057 1494 1101 ex·

322 1141 496 1230 plananda
524 1141 658 1209 denarii
674 1143 813 1209 numeri
830 1151 958 1210 natura
974 1142 1216 1229 proficiscitur,
1240 1142 1371 1209 circum
1387 1163 1492 1230 quem

322 1272 397 1316 sese
420 1258 625 1338 torquentes
642 1259 677 1318 et
693 1260 939 1318 convertentes
956 1251 1058 1338 quasi
1075 1250 1205 1317 circum
1222 1251 1354 1316 flexum
1372 1270 1494 1317 omnes

322 1366 468 1424 currunt
501 1357 640 1424 numeri
668 1363 709 1445 (p.
727 1355 837 1446 38,10);
873 1378 1012 1444 semper
1040 1366 1158 1424 autem
1187 1357 1217 1423 is
1245 1357 1281 1422 in
1310 1378 1348 1424 se
1374 1356 1493 1444 ipsum

321 1465 479 1550 recurrit,
516 1465 647 1552 quippe
681 1487 786 1552 quem
815 1465 995 1531 continere
1022 1485 1145 1532 omnes
1173 1486 1337 1531 numeros
1365 1472 1492 1532 natura

321 1581 471 1640 testetur
488 1579 532 1659 (p.
549 1570 656 1659 38,2a).
698 1557 898 1639 lam'simili
917 1572 1030 1657 modo,
1047 1594 1117 1659 quo
1134 1593 1302 1638 numerus
1319 1571 1492 1655 denarius,

321 1680 357 1745 in
386 1702 424 1746 se
453 1678 568 1767 ipsum
598 1680 746 1746 recurrit
773 1701 895 1763 annus,
925 1680 1019 1747 unde
1038 1701 1167 1746 nomen
1189 1678 1316 1764 accipit
1339 1677 1385 1766 (p.
1402 1675 1492 1765 39,1),

320 1787 484 1874 idemque
500 1787 584 1853 lacit
599 1787 759 1871 circulus,
783 1809 886 1875 quem
904 1787 1026 1871 Lydus
1042 1787 1161 1854 statim
1181 1785 1324 1872 expedit
1339 1785 1383 1874 (p.
1401 1781 1491 1868 39,2).

321 1897 446 1980 ltaque
471 1893 577 1960 etiarn
602 1895 694 1981 quod
720 1916 760 1960 ea
783 1895 902 1981 figura
926 1893 1055 1960 dicitur
1078 1893 1266 1977 circularia,
1296 1914 1387 1980 quae
1410 1915 1431 1958 a
1453 1913 1491 1958 se

320 2001 398 2086 ipsa
426 2001 551 2087 incipit
575 2001 611 2067 et
634 2001 764 2067 desinit
787 2001 824 2067 in
848 2023 886 2068 se
909 2001 1032 2087 ipsam,
1055 2001 1091 2066 id
1116 2000 1208 2086 quod
1233 2001 1413 2087 proprium
1438 2007 1492 2065 est

321 2109 490 2195 temporis
514 2113 560 2196 (p.
578 2105 668 2196 39,⁴),
694 2109 860 2196 Aegyptii
885 2117 1082 2196 serpentem
1106 2107 1253 2173 caudam
1271 2106 1489 2173 mordentem

319 2215 561 2306 pyramidibus
590 2216 797 2302 insculpunt
824 2226 930 2304 atque
955 2215 1062 2282 etiarn
1087 2237 1182 2281 nunc
1205 2215 1325 2281 orbern
1349 2213 1491 2300 templis

319 2311 524 2408 inscribunt,
553 2323 646 2410 quod
675 2345 790 2390 annus
817 2323 872 2390 sui
901 2323 1012 2410 ipsius
1041 2331 1077 2388 et
1105 2321 1246 2410 initium
1271 2330 1306 2388 et
1329 2320 1413 2387 finis
1437 2328 1491 2387 est

319 2435 364 2517 (p.
381 2427 475 2518 39,⁷);
504 2430 548 2497 ob
573 2452 722 2518 eamque
746 2452 888 2497 causam
914 2429 1082 2517 temporis
1105 2427 1248 2494 initium
1276 2427 1489 2514 Pythagorei

319 2560 388 2606 non
414 2539 576 2626 primum,
601 2539 661 2604 sed
687 2560 798 2605 unum
824 2537 1010 2604 nominant
1033 2537 1080 2626 (p.
1098 2533 1207 2622 39,n).

427 2649 526 2713 Haec
549 2646 661 2732 igitur
684 2655 770 2712 sunt
792 2644 898 2712 huius
918 2643 1137 2732 ‚paragraphi
1153 2652 1374 2730 argumenta,
1398 2663 1489 2729 quae

320 2776 339 2820 e
362 2753 511 2822 diversis
535 2753 692 2820 lontibus
716 2753 883 2820 arcessita
907 2774 977 2819 non
1001 2751 1126 2818 inscite
1151 2751 1291 2836 Lydum
1315 2751 1352 2816 in
1377 2770 1487 2817 unum

318 2881 445 2949 corpus
469 2861 732 2928 consarcinasse
757 2869 918 2946 apertum
943 2868 1006 2927 est.
1054 2859 1155 2942 Quae
1179 2858 1273 2926 unde
1294 2856 1488 2945 arripuerit,

318 2968 419 3035 nobis
454 2990 549 3035 nunc
578 2968 817 3055 quaerendum
843 2975 905 3033 est.
953 2967 994 3032 Id
1019 2967 1113 3032 enim
1139 2965 1231 3053 quod
1256 2966 1300 3031 de
1324 2963 1408 3030 anni
1432 2963 1489 3029 de-

317 3075 478 3143 finitione
500 3076 634 3164 profert
657 3098 701 3141 ex
725 3096 766 3141 eo
789 3074 886 3140 fonte
902 3073 1056 3158 fluxisse,
1080 3093 1186 3160 equo
1201 3072 1287 3138 anni
1301 3070 1487 3139 historiam

318 3183 543 3270 decerpserit,
576 3205 638 3269 per
672 3205 710 3249 se
743 3191 797 3248 est
829 3181 1071 3264 manifestum
1099 3178 1183 3246 huic
1210 3178 1355 3267 opinoni
1384 3179 1488 3259 iavet,

318 3291 411 3377 quod
436 3290 566 3356 similia
589 3290 682 3378 apud
708 3296 842 3356 ceteros
866 3288 1052 3374 scriptores
1076 3285 1204 3374 quide
1227 3308 1321 3352 anno
1338 3294 1488 3372 egerunt

317 3407 478 3465 enarrata
501 3398 663 3485 legimus.
710 3397 771 3464 Sic
793 3396 890 3463 dicit:
910 3443 911 3448 κ

423 3508 535 3575 Varro
563 3505 606 3572 de
635 3507 675 3577 L.
698 3508 739 3576 L.
756 3507 807 3574 VI
832 3501 867 3572 8:
897 3509 1027 3589 tempus
1054 3526 1075 3568 a
1104 3503 1223 3569 bruma
1250 3503 1298 3567 ad
1323 3502 1486 3576 brumam,

317 3614 399 3678 dum
430 3614 484 3678 rol
509 3614 606 3686 redit,
636 3618 776 3678 vocatur
797 3634 920 3687 annus,
952 3613 1044 3698 quod
1062 3616 1104 3675 ut
1118 3611 1226 3696 parvi
1247 3610 1369 3675 circuli
1388 3609 1492 3675 anuli

315 3720 365 3785 sic
388 3721 508 3808 magni
530 3720 729 3786 ditabantur
751 3720 885 3784 circites
907 3721 978 3793 ani,
1001 3720 1093 3784 unda
1115 3739 1238 3783 annus.

427 3831 567 3894 Praeter
590 3829 785 3896 Varronem
815 3835 934 3893 autern
964 3826 1052 3892 alios
1081 3845 1221 3912 quoque
1249 3845 1380 3891 annum
1406 3845 1485 3890 cum

317 3935 447 4002 circulo
470 3956 691 4022 comparasse
715 3932 752 4000 hi
775 3933 843 4000 loci
867 3933 1019 4000 dilucide
1042 3934 1303 3999 demonstrant:

423 4039 453 4110 1.
478 4043 633 4109 Isidorus
650 4043 693 4108 de
709 4063 773 4107 rer.
791 4050 864 4107 nat.
878 4036 907 4125 6,
925 4063 1029 4128 quem
1042 4042 1157 4107 locum
1173 4040 1217 4105 ad
1230 4038 1485 4106 Suetonianam

267 4219 271 4229 ,
316 4149 511 4217 doctrinam
529 4151 585 4230 (cl.
609 4150 675 4235 irg.
695 4145 759 4214 121
784 4146 900 4235 Reiff.)
917 4155 1011 4214 recte
1027 4154 1285 4215 revocaverunt
1301 4146 1366 4213 viri
1383 4145 1486 4230 docti,

315 4259 418 4324 docet
442 4258 544 4325 haec:
574 4279 705 4322 annum
728 4307 835 4323 .....
861 4256 964 4342 quusi
982 4278 1088 4320 anum
1113 4255 1182 4320 dici
1202 4254 1338 4340 quidam
1356 4257 1489 4340 putant

315 4366 424 4432 idest
445 4366 621 4438 circulum,
645 4365 739 4430 unde
755 4369 789 4428 et
809 4364 914 4429 anuli
933 4363 1019 4428 dicti
1039 4368 1124 4432 sunt
1145 4362 1357 4427 diminutive.
