3318 5050
663 381 904 449 -105-

304 585 420 683 Supra
446 597 538 663 enim
564 597 633 662 iam
660 596 888 683 exposuimus
913 596 1052 681 Lydum
1080 596 1371 682 Macrobiumque

193 703 230 767 in
257 701 375 769 Martii
400 702 532 770 mensis
556 703 698 768 nomine
722 702 941 789 expediendo
964 702 1056 770 inter
1080 724 1118 769 se
1142 703 1368 785 concordare,

192 809 229 874 in
254 810 322 875 hac
345 829 486 896 quoque
509 831 547 875 re
571 809 775 895 conspirant
797 808 848 874 illi
873 831 953 876 cum
978 808 1170 876 Censorino
1193 809 1270 894 22p,
1306 811 1366 894 qui

197 914 364 983 Martium
395 939 415 982 a
446 919 560 982 Marte
588 926 687 1003 patre
717 918 860 982 Romuli
892 917 1113 983 nominatum
1137 907 1221 983 ⁴esse
1250 917 1367 998 tradit,

193 1031 333 1089 etcum
358 1023 501 1106 Isidoro,
537 1023 597 1108 qui
628 1031 672 1088 ex
700 1023 873 1089 Suetonio
900 1025 1014 1106 refert,
1048 1024 1084 1089 in
1108 1017 1198 1090 libro
1222 1024 1265 1089 de
1294 1034 1367 1090 nat.

192 1149 255 1195 rer.
269 1131 365 1212 IV,2:
382 1131 496 1203 ..hum
507 1131 677 1196 Martiam
685 1136 826 1216 propter
836 1131 994 1196 honorem
1007 1131 1152 1195 Romuli
1164 1131 1211 1195 sic
1221 1131 1366 1218 appella·

193 1241 327 1310 verunt,
353 1237 436 1322 quio
461 1257 536 1301 eum
553 1238 684 1302 Martis
693 1238 822 1322 filzim
844 1259 914 1302 esse
929 1238 1178 1303 credzuemnr‘.
1225 1238 1305 1330 Quo
1317 1241 1366 1302 ex

194 1353 366 1410 concentu
391 1343 536 1410 dubium
562 1365 631 1409 non
650 1343 800 1417 videtur,
825 1344 909 1430 quin
927 1366 970 1409 ex
988 1343 1110 1410 eodem
1128 1344 1225 1409 lonte
1241 1342 1368 1409 hause-

194 1451 274 1533 rint,
304 1452 327 1517 i.
358 1475 386 1517 e.
418 1450 643 1532 ammonio,
679 1450 802 1516 Isidori
828 1461 980 1517 auctore.
1029 1451 1132 1534 Quod
1162 1471 1246 1516 vero
1278 1438 1366 1517 Cen·

195 1557 334 1623 sorinus
357 1559 393 1623 in
419 1553 498 1640 2211
519 1559 676 1623 Varrone
705 1568 794 1624 teste
818 1558 935 1623 docet:
960 1557 1154 1630 „Martiam
1179 1577 1324 1622 mensem
1344 1579 1367 1620 a
1393 1641 1396 1644 Ι

194 1666 311 1728 Marta
334 1664 470 1749 quidem
494 1665 707 1729 nominatum
732 1665 847 1736 credz't,
879 1687 947 1729 non
981 1665 1063 1749 quia
1085 1665 1231 1729 Romuli
1247 1664 1369 1748 suerit

188 1759 297 1858 pater,
327 1771 390 1835 sed
417 1765 508 1856 quod
523 1793 610 1856 gens
633 1771 761 1836 Latina
785 1772 954 1836 bellicosa‘
978 1791 1172 1856 omnesque
1195 1770 1301 1836 ceteri
1325 1791 1367 1835 ac

194 1889 287 1943 certe
311 1877 504 1943 Suetonius
536 1875 676 1964 quoque
708 1879 952 1964 neglexerunt,
984 1877 1027 1958 id,
1060 1891 1099 1943 ut
1130 1877 1262 1964 opinor,
1295 1899 1366 1942 non

194 1983 296 2050 aliter
311 1983 478 2070 explicari
503 1994 630 2070 potest,
654 1984 720 2049 nisi
746 1995 786 2050 ut
803 1984 1033 2050 Censorinum
1050 1983 1210 2051 Suetonii
1235 1983 1365 2049 librum

193 2090 448 2157 exscribentem
469 2091 641 2158 Varronis
658 2091 833 2157 diversam
858 2092 1070 2158 sententiam
1097 2093 1132 2155 in
1158 2091 1364 2157 memoriam

193 2219 377 2263 revocasse
402 2208 437 2263 et
461 2198 622 2264 Suetonii
647 2199 827 2264 doctrinae
851 2198 1042 2264 inseruisse
1066 2208 1276 2265 statuamus.

300 2307 418 2391 Atque
458 2305 501 2369 de
541 2304 672 2390 Aprilis
714 2306 847 2370 mensis
886 2306 1028 2371 nomine
1068 2305 1209 2390 quidem
1249 2304 1367 2391 dispu-

194 2411 345 2478 tationes
383 2412 563 2496 Lydianas'
614 2412 937 2497 Macrobianasque,
988 2411 1150 2498 quamvis
1203 2411 1366 2496 Lydiana

193 2518 339 2584 confusa
365 2518 535 2602 videatur,
572 2529 689 2584 tamen
725 2520 817 2584 inter
849 2541 886 2584 se
917 2540 1110 2585 consonare
1141 2520 1366 2605 eundemque

193 2634 372 2690 auctorem
418 2647 540 2712 sapere
583 2626 698 2712 primo
741 2627 869 2692 obtutu
909 2627 1145 2712 cognoscitur.
1206 2628 1284 2690 Hac
1327 2625 1365 2690 in

191 2754 230 2797 re
286 2744 405 2798 autem
458 2732 580 2798 ambos
643 2734 884 2819 conspirantes
935 2733 1232 2821 deprehendimus
1283 2755 1363 2799 curn

194 2839 374 2905 Censorini
415 2840 610 2926 veriloquio
656 2840 692 2905 in
731 2836 811 2923 220:
859 2842 1038 2927 „Aprilem
1084 2841 1125 2904 ab
1162 2839 1380 2925 Aphrodite,

193 2947 234 3010 id
265 2953 316 3010 est
355 2948 490 3028 Venere,
537 2948 629 3011 unde
668 2948 808 3012 mutares
846 2948 918 3012 aim
955 2947 1096 3012 ortandi
1132 2946 1365 3018 dicebantur&

193 3072 299 3138 quam
339 3054 621 3121 convenientiam
664 3054 861 3146 Hahnius¹)
899 3055 974 3141 ipse
1013 3055 1209 3140 adgnoscit.
1258 3055 1363 3118 Illum

194 3150 336 3241 autem,¹
355 3181 435 3226 cum
468 3172 508 3227 ut
540 3161 705 3227 ostendat
736 3171 952 3248 quantopere
977 3160 1144 3226 Macrobii
1178 3171 1213 3226 et
1237 3161 1367 3226 Censo-

193 3267 259 3332 rini
274 3266 513 3354 expositiones
525 3267 617 3335 inter
629 3290 666 3333 se
678 3267 899 3348 dissentiant,
910 3267 1078 3332 Macrobii
1091 3267 1363 3354 explicationem

192 3375 229 3439 in
258 3370 432 3454 Ilm-11
460 3374 612 3459 adhibet,
641 3389 761 3462 aperte
790 3375 892 3460 fugit,
919 3375 1025 3440 hasce
1049 3376 1300 3461 paragraphus
1324 3383 1366 3460 ut

194 3481 400 3562 wissowa²)
423 3491 517 3548 recte
540 3482 806 3565 demonstravit,
831 3504 874 3546 ex
895 3481 964 3547 alio
981 3483 1078 3547 lonte
1094 3481 1240 3546 lluxisse
1257 3491 1366 3567 atque

193 3609 213 3652 e
241 3609 311 3673 quo
339 3588 492 3672 reliquas
521 3589 628 3654 huius
658 3589 781 3675 capitis
810 3601 926 3676 partes
954 3588 1121 3654 hauserit.
1170 3590 1296 3674 Itaque
1320 3588 1366 3666 de

194 3699 261 3762 hoc
285 3695 420 3760 Hahnii
447 3706 658 3780 argumento
680 3706 797 3761 actum
816 3717 892 3761 esse
913 3696 1141 3760 manifestum
1159 3707 1225 3776 est;
1250 3717 1366 3779 neque

194 3805 306 3870 multo
331 3802 433 3869 aliter
456 3823 511 3867 res
534 3823 572 3866 se
596 3802 704 3867 habet
727 3803 770 3867 de
791 3803 866 3868 eius
884 3803 1006 3868 ceteris
1024 3801 1251 3886 argumentis.
1299 3802 1365 3866 Ille

193 3905 286 3976 'enim
320 3910 363 3974 ad
389 3908 556 3974 Macrobii
586 3909 702 3973 locum
728 3905 848 3992 112‚1³,
874 3909 932 3974 ubi
957 3909 1126 3975 Varronis
1149 3908 1363 3974 sententiam

192 4019 338 4103 profert,
377 4009 438 4102 qui
477 4037 547 4081 non
588 4014 745 4100 potuisse
786 4015 939 4101 Aprilem
979 4037 1133 4081 mensem
1173 4039 1192 4080 a
1225 4018 1366 4083 Venere

189 4163 197 4170 ι
204 4165 229 4170 .-
238 4161 404 4170 -..η-...Δω-

303 4231 327 4317 1)
351 4237 369 4292 l.
394 4254 420 4298 c.
446 4256 474 4313 p.
491 4234 543 4298 21.

301 4338 328 4424 ²)
351 4346 370 4404 l.
396 4360 421 4400 c.
445 4363 474 4418 p.
501 4341 549 4402 10.
