3294 5056
648 347 870 418 ..27-

175 575 320 634 censeat
347 575 532 634 auctorum
563 565 607 632 ab
632 567 765 631 Ioanne
793 563 1031 631 adhibitorum
1056 585 1253 634 numerum.
1302 565 1351 634 Et

176 673 307 742 mirum
324 681 497 762 quantum
515 674 613 740 iavet
628 672 712 738 huic
728 670 896 759 opinioni,
916 670 1010 760 quod
1026 692 1082 738 res
1099 692 1119 736 a
1136 669 1238 755 Lydo
1253 693 1351 738 enar·

175 791 290 864 ratae,
321 779 450 868 quibus
474 801 642 867 persaepe
664 786 804 866 praeter
827 777 1023 864 legentium
1049 778 1349 865 exspectationem

176 886 397 954 narrationes
420 908 504 952 suas
528 906 699 953 exornare
723 893 759 953 et
781 885 998 972 locupletare
1021 884 1120 968 solet,
1144 893 1218 952 tam
1234 885 1351 953 multi-

178 993 289 1081 plices
305 993 495 1081 variaeque
510 1001 602 1076 sunt,
626 1000 667 1059 ut
684 991 831 1059 Photius
847 990 1046 1078 patriarcha
1062 991 1138 1058 iure
1154 992 1350 1079 meritoque

176 1100 300 1168 tulerit
326 1099 416 1166 illud
439 1099 609 1188 iudicium
633 1099 704 1164 iam
730 1120 836 1185 supra
860 1105 905 1185 (p.
929 1097 950 1164 2
974 1109 1044 1165 not.
1068 1095 1101 1182 2)
1124 1099 1349 1186 exscriptum.

174 1208 265 1273 Inde
289 1206 431 1294 quidem
456 1206 522 1273 viri
547 1205 640 1273 docti
665 1198 796 1272 multos
820 1204 961 1290 Lydum
986 1225 1063 1272 esse
1086 1216 1248 1272 secutum
1271 1228 1351 1274 auc·

175 1322 271 1381 tores
280 1299 507 1400 putaverunt,
519 1312 630 1380 veluti
642 1312 776 1379 Hasius
785 1312 822 1378 in
832 1312 1011 1378 hunciere
1021 1312 1164 1379 modum
1173 1313 1349 1395 locutns¹):

286 1423 387 1505 „Hoc
403 1420 440 1486 in
455 1421 556 1504 libro,
572 1420 719 1487 decurso
737 1419 846 1487 totius
862 1419 947 1485 anni
964 1419 1089 1507 spatio,
1104 1421 1215 1486 fastos
1228 1419 1350 1507 populi

176 1527 332 1594 Romani
356 1527 440 1610 dies,
468 1548 539 1614 quo
562 1527 711 1613 quisque
735 1526 840 1593 modo
863 1547 1017 1613 quamve
1040 1526 1085 1593 ob
1109 1547 1252 1594 causam
1275 1527 1350 1613 agi-

178 1641 275 1700 tatus
298 1643 401 1717 esset,
424 1634 468 1700 ab
492 1633 595 1701 initio
617 1653 736 1700 rerum
754 1635 996 1700 Romanarum
1018 1632 1191 1720 usquead
1208 1633 1351 1700 Iustini-

175 1761 283 1807 anum
301 1743 506 1827 Augustum
532 1739 722 1824 diligenter
737 1750 944 1827 persecutus
962 1750 1023 1824 est,
1039 1739 1150 1828 idque.
1161 1762 1205 1806 ex
1221 1741 1351 1806 idoneu

175 1847 370 1913 auclon'lus
382 1869 458 1913 cum
470 1847 798 1934 Graecirpermullis
807 1853 879 1912 lum
891 1847 1050 1912 Launu:
1066 1846 1200 1916 Gavio
1213 1849 1349 1932 Basso,

177 1954 378 2040 Fonteio,
410 1955 626 2042 Aquilino,
660 1954 819 2038 Cincio,
853 1957 900 2020 M.
925 1956 1123 2039 Varrone,
1156 1955 1350 2040 Maximo,

175 2060 367 2146 Visellio,
399 2061 591 2149 Apuleio,
624 2065 671 2129 M.
696 2061 889 2142 Messala,
923 2061 1118 2128 Cornelio
1141 2061 1349 2147 Labeone,

177 2167 354 2252 Seneca,
376 2169 569 2252 Valente,
593 2168 790 2235 Mummio
821 2168 969 2255 aliisque
998 2191 1094 2234 nunc
1125 2169 1182 2235 val
1211 2169 1350 2235 omnino

173 2278 232 2342 vel
252 2299 376 2362 magna
399 2297 444 2342 ex
461 2281 563 2364 parte
578 2275 756 2363 perditust

282 2386 359 2450 Nec
394 2385 508 2450 multo
541 2382 644 2449 aliter
678 2382 837 2470 disputat
872 2384 1101 2449 Hermannus
1129 2382 1227 2449 Diels
1261 2384 1350 2452 haec

173 2489 289 2558 verba
306 2489 437 2557 faciens
448 2489 490 2578 2);

286 2615 461 2701 ,Omnino
492 2613 612 2700 Lydus
637 2620 688 2680 lot
709 2614 902 2680 illustribus
922 2614 1142 2703 scrapton‘bus
1164 2621 1199 2681 el
1214 2617 1350 2703 graecis

172 2727 211 2789 el
231 2723 385 2788 romanis
410 2744 494 2787 usus
520 2721 617 2788 istud
641 2721 914 2790 christianornm
939 2721 1209 2809 compilatorum
1233 2745 1349 2810 genus

173 2829 316 2897 videtur
338 2828 582 2897 fastidivisse.“

281 2936 398 3022 Atque
425 2957 463 3001 re
492 2957 575 3002 vera
606 2935 762 3020 Lydum,
790 2935 820 3002 si
848 2935 941 3002 hanc
968 2934 1165 3004 doctrinam
1188 2958 1280 3025 quae
1303 2937 1349 3004 ab

173 3043 253 3130 ipso
277 3041 482 3110 venditatur
503 3041 729 3130 perlegendis
753 3042 1053 3132 excerpendisque
1073 3042 1238 3112 omnibus
1260 3065 1348 3133 quos

174 3151 300 3217 laudat
323 3148 525 3216 auctoribus
549 3149 773 3236 conlegisset,
797 3171 884 3216 sane
907 3171 984 3217 esse
1007 3151 1158 3218 summis
1181 3150 1347 3218 laudibus

171 3256 395 3324 efferendum
421 3255 500 3344 quis
525 3265 579 3323 est
602 3256 663 3344 qui
687 3257 817 3343 neget?

283 3382 414 3449 Contra
429 3381 488 3448 lon
492 3403 538 3472 ge
550 3381 652 3449 aliter
663 3391 784 3449 censet
795 3383 947 3449 Ioannes
961 3382 1159 3450 Fridericus
1170 3382 1347 3470 Schultze,

172 3488 236 3575 qui
265 3489 478 3556 contrarium
508 3489 625 3575 ipsum
655 3509 779 3556 verum
808 3510 884 3555 esse
913 3510 978 3576 pro
1006 3499 1100 3557 certo
1129 3489 1285 3557 affirmat
1312 3496 1349 3558 et
1465 3511 1469 3516 ’

172 3595 242 3662 hoc
265 3596 370 3662 modo
393 3596 579 3662 sententiis
602 3595 701 3663 brevi
725 3603 808 3663 ante
831 3596 978 3683 prolatis
1002 3596 1230 3664 vehementer
1253 3595 1349 3664 oblo-

173 3703 296 3790 quitur
312 3724 353 3769 ac
370 3703 511 3788 Lydum
528 3702 578 3769 nil
595 3703 748 3791 amplius
764 3702 834 3770 nisi
850 3725 1005 3790 magnae
1016 3703 1179 3771 lectionis
1192 3703 1346 3791 speciem

174 3830 261 3896 prae
288 3829 326 3877 se
349 3810 440 3876 ferre
462 3809 655 3876 identidem
680 3809 827 3897 exponit
849 3810 899 3876 sic
922 3810 1111 3895 locutus³):
1148 3811 1224 3897 „Ex
1245 3811 1348 3896 senp-

175 3915 306 3982 toribus
337 3939 480 4003 quorum
504 3917 644 3982 uomina
666 3917 766 3983 avide
798 3917 836 3984 in
859 3917 958 3984 libris
983 3917 1056 3984 suis
1092 3919 1251 3991 cumulat,
1268 3925 1347 4006 per·

285 4131 310 4215 ¹)
333 4134 363 4192 in
387 4136 605 4194 commentario
630 4137 669 4193 de
692 4136 807 4195 Ioanne
830 4135 914 4212 Lydo
938 4155 966 4212 p.
991 4136 1047 4196 XI.

282 4222 306 4300 ²)
330 4224 368 4281 cl.
391 4223 523 4300 Doxogr.
547 4243 588 4300 gr.
610 4244 640 4302 p.
669 4225 717 4286 17.

282 4310 308 4390 ³)
332 4311 362 4370 in
386 4312 456 4371 diss.
478 4333 509 4390 p.
535 4312 582 4375 12.
