3294 5056
663 371 882 439 ..51-

180 583 216 654 06
237 584 383 653 Στωικοί
401 578 523 674 μικτήν
539 581 647 674 πυρός
661 585 718 654 καί

180 683 292 780 ἀέρος,
320 686 468 760 Πλάτων
495 691 532 759 ἐκ
562 691 719 772 πλείονος

179 805 241 866 τοῦ
280 796 465 888 πυρώδους,
499 789 719 888 Ἀναξαγόρας

180 907 240 974 καί
284 903 493 996 Δημόκριτος
544 905 718 993 στερέωμα

180 1010 389 1141 διάπγρον,’
367 1037 441 1098 εχον
453 1001 487 1078 ἕν
499 1009 603 1100 ἑαατηι
587 1010 716 1079 πεδία

183 1119 241 1188 καὶ
266 1109 325 1210 όρη
349 1118 406 1186 καί
429 1115 610 1209 φάραγγας,

179 1219 454 1316 ‘'Heduzenog
414 1251 474 1315 γην
489 1216 607 1315 ὁμίχλῃ
620 1251 718 1314 περι

184 1333 388 1425 ειλημμένην,

181 1439 389 1531 Πυθαγόρας
409 1468 446 1532 γε
461 1434 527 1530 μήν
543 1441 717 1528 πυροειδὲς

182 1573 290 1635 σιομα.

205 1816 291 1901 Lyd.
309 1819 403 1900 111‚12
429 1821 475 1902 (p.
493 1812 702 1900 53,1a-54,⁷)

184 1993 262 2081 περί
278 1993 314 2062 δὲ
325 2000 384 2060 τοῦ
400 1984 473 2060 κατ’
485 1986 586 2083 αότήν
602 1985 717 2084 φωτός

180 2102 334 2187 ἐροῦμεν,
381 2093 428 2180 ὡς
464 2089 717 2188 Ἀναξίμανδρος

178 2209 240 2294 μέν
278 2204 367 2274 ίδιον
394 2198 495 2297 αίτήν
529 2211 603 2296 φιῦς
630 2205 717 2290 ἔχειν

179 2313 344 2400 βοόλεται,
367 2311 559 2401 ἀραιότερον
574 2314 611 2380 δέ
627 2338 713 2394 πως,
748 2376 751 2380 ,

182 2413 200 2488 6
247 2421 284 2488 δὲ
329 2411 493 2511 Ἀντιφῶν
538 2418 613 2508 ίδίφ
655 2419 716 2506 μὲν

179 2530 294 2620 φέγγει
319 2525 468 2612 λάμπειν
495 2520 555 2616 τήν
579 2525 716 2617 σελήνην

180 2634 275 2726 φησί,
299 2631 339 2701 τό
364 2635 400 2702 δὲ
417 2625 716 2723 ἀποκρυπτόμενον

184 2742 261 2828 περὶ
296 2733 398 2830 αάτήν
425 2731 496 2808 ἀπὸ
523 2747 584 2832 τῆς
607 2766 715 2827 προσ-

178 2851 282 2940 βολής
293 2855 351 2915 τοῦ
366 2839 460 2939 ήλίου
470 2839 713 2934 ἀμαυροῦσθαι,

180 2953 370 3047 πεφυκότος
414 2961 472 3022 τοῦ
512 2953 716 3043 ἰσχυροτέρου

180 3058 293 3154 φωτὸς
309 3055 348 3128 τό
362 3052 603 3147 ἀσθενέστερον
615 3053 714 3147 ἀμαυ-

181 3175 263 3254 ροῦν,
312 3155 331 3235 6
370 3164 409 3258 δή
449 3167 621 3253 συμβαίνει
658 3168 714 3235 καὶ

182 3275 261 3363 περὶ
284 3272 328 3342 τά
353 3263 438 3342 ἀλλα
461 3264 576 3362 άστρα.

184 3385 298 3472 Θαλής
321 3382 357 3474 δὲ
380 3382 437 3449 καί
461 3379 492 3448 06
523 3373 588 3448 ἀπ’
616 3372 715 3448 αὐτοῦ

179 3479 250 3556 άπό
285 3495 343 3556 τοῦ
377 3481 473 3579 ήλίου
506 3488 715 3578 φωτίζεσθαι

179 3591 239 3687 τήν
263 3593 429 3718 σελήνην’
415 3595 591 3683 ενέκριναν,

181 3695 199 3769 6
211 3727 283 3829 γε
320 3695 387 3793 μήν
423 3692 639 3789 Ηράκλειτος
675 3695 714 3767 τό

180 3800 261 3876 αάτὸ
286 3807 502 3876 πεπονθέναι
530 3804 588 3875 τόν
620 3800 716 3896 ἥλιον

180 3939 235 3982 και
244 3941 306 4004 την
319 3913 458 4006 σελήνην
470 3914 574 4006 φησι
593 3939 715 4006 σκαφο·

179 4015 328 4102 ειδείς
289 4049 351 4146 γορ
366 4011 462 4102 όντας
471 4027 542 4102 τοῖς
551 4019 715 4112 σχήμασιν

179 4128 216 4196 έκ
238 4134 299 4218 τῆς
325 4121 429 4218 άγράς
457 4119 716 4214 ἀναθυμιάσεως

179 4235 390 4325 φωτίζεσθαι
413 4228 501 4323 πρὸς
516 4231 576 4325 τήν
591 4260 715 4327 φαντα-

179 4341 262 4425 σίαν,
310 4339 541 4432 λαμπρότερον
587 4342 624 4409 δὲ
657 4337 716 4408 τόν

827 583 1007 654 οίΣτωικοὶ
1018 580 1137 677 μικτήν
1147 577 1295 678 ίκπυρός
1303 588 1360 656 καί

827 682 932 781 ἀέρος.
966 691 1112 761 Πλάτων
1139 684 1177 762 ἐκ
1199 693 1360 776 πλείονος

825 806 885 866 τοῦ
920 798 1102 888 πυρώδους.
1142 791 1360 892 Ἀναξαγόρας

931 905 1142 998 Δημόκριτος
1187 909 1360 997 στερέωμα

826 981 1017 1142 διάπυρον”
1001 1039 1076 1143 εχρν
1087 1005 1122 1082 ἒν
1134 1041 1240 1105 εαυτφ
1224 1015 1357 1083 Γπεδία

825 1120 882 1189 καί
907 1109 967 1212 όρη
991 1121 1050 1189 καὶ
1073 1120 1254 1248 φάραγγας.

824 1219 1108 1319 Ἡράκλειτοςγήν
1128 1216 1245 1320 ἀμίχλη
1264 1256 1360 1319 περι-

826 1333 990 1426 εχομένην.

827 1421 1032 1531 ίΙυθαγόρας
1098 1444 1360 1532 κατοπτροειδὲς

825 1555 932 1634 σῶμα.

827 1764 917 1829 Plut.
935 1785 988 1850 ep.
1006 1760 1111 1847 1128:
1127 1765 1208 1853 περὶ
1228 1790 1359 1856 φωτισ-

973 1876 1045 1955 μῶν
1065 1869 1213 1962 σελήνης.

1105 2093 1357 2192 Ἀναξίμανδρος

824 2202 913 2275 ίδιον
927 2198 1029 2298 αάτήν
1043 2206 1127 2292 ἔχειν
1142 2215 1222 2300 φῶς,
1242 2200 1349 2298 ἀραιά

823 2338 915 2401 τερον
938 2313 975 2382 δέ
998 2341 1087 2396 πως.

1095 2413 1258 2512 Ἀντιφῶν
1281 2421 1358 2512 ίδίῳ

823 2527 939 2617 φέγγει
962 2527 1112 2615 λάμπειν
1133 2526 1193 2619 τήν
1209 2528 1357 2622 σελήνην,

822 2628 861 2701 τό
941 2636 977 2702 δὲ
1054 2633 1359 2725 ἀποκρυπτόμενον

823 2741 901 2830 περὶ
936 2732 1039 2832 αάτήν
1066 2735 1136 2810 ἀπὸ
1164 2751 1224 2834 τής
1252 2769 1359 2833 προσ-

822 2851 924 2940 βολῆς
934 2856 992 2916 τοῦ
1007 2841 1099 2940 ήλιόο
1115 2843 1357 2940 ἀμαυροῦσθαι,

824 2954 1013 3044 πεφυκότος
1050 2963 1108 3024 τοῦ
1151 2956 1359 3048 ἰσχυροτέρου

824 3057 929 3151 πυρός
943 3057 982 3130 τό
1001 3055 1236 3154 ἀσθενέστερον
1252 3057 1358 3151 ἀμαυ-

822 3175 918 3257 ροῐν·
955 3163 973 3236 6
1001 3167 1041 3262 δή
1078 3171 1271 3258 συμβαίνειν
1301 3175 1357 3240 καὶ

823 3279 903 3362 περί
927 3271 968 3343 τά
994 3266 1078 3346 άλλα
1099 3269 1212 3367 ἀστρα.

826 3384 939 3472 Θαλῆς
980 3385 1036 3450 καὶ
1079 3383 1111 3453 06
1159 3379 1224 3454 ἀπ’
1258 3377 1358 3455 αότοῦ

822 3480 893 3555 ἀπό
926 3496 984 3557 τοῦ
1018 3485 1114 3582 ήλιόυ
1147 3494 1358 3583 φωτιζεσθαι

822 3592 883 3686 τήν
906 3597 1055 3689 σελήνην.

1081 3697 1294 3795 Ἡράκλειτος
1318 3704 1359 3776 τό

824 3804 905 3880 αάτό
934 3815 1151 3882 πεπονθέναι
1178 3809 1237 3881 τόν
1266 3807 1360 3901 ήλιον

823 3920 877 3986 καί
920 3914 981 4011 τήν
1025 3918 1172 4011 σελήνην.
1231 3947 1359 4014 σκαφο-

823 4029 923 4106 ειδεῖς
938 4023 1001 4116 γάρ
1019 4017 1116 4107 όντας
1129 4034 1200 4108 τοῖς
1212 4028 1358 4121 σχήμασι

821 4127 899 4214 τοδς
917 4125 1066 4286 ἀστέρας,
1091 4134 1335 4220 δεχομένους
1296 4163 1359 4217 τας

822 4339 932 4436 αάγάς,
957 4270 1168 4436 φωτίζεσθαι
1189 4345 1278 4437 πρός
1296 4343 1359 4441 τήν

1245 4475 1282 4528 4²6·
