3318 5050
659 321 902 396 ...103-

990 541 1210 626 Lyd.1V‚m

831 685 863 752 p.
882 647 991 748 'lbopt
1016 655 1099 733 ὅθεν
1121 661 1153 731 oi
1176 652 1249 750 μετ’
1264 653 1371 744 odedu?

829 769 863 854 (i.
892 791 921 836 e·
947 759 1157 860 Ab'yownov)
1192 758 1270 857 ἄχρι
1304 753 1368 836 abii

831 874 970 946 δεκάτου
992 867 1032 945 οὗ
1055 873 1177 963 κυρίαν,
1202 870 1289 944 ἇλλᾶ
1304 865 1370 967 τὴν

813 983 868 1065 ιέξ
894 973 1046 1073 ἀριθμῶν
1080 984 1209 1050 ἕλκουσι
1233 1005 1366 1073 προση-

818 1088 954 1179 γορίαν.
1047 1098 1050 1103 ’

297 1285 368 1353 Sed
392 1284 526 1353 utiam
551 1284 595 1350 ad
618 1284 733 1372 ipsam
758 1284 913 1355 auctoris
936 1284 1206 1372 indagationem
1224 1284 1377 1352 acceda--
1429 1285 1430 1290 ’

190 1412 280 1475 mus,
305 1390 474 1458 Macrobii
497 1391 541 1458 de
564 1390 740 1458 meusium
764 1392 968 1459 nominibus
984 1391 1271 1480 explanationem
1288 1401 1365 1458 arto

191 1498 426 1574 coniunctam
448 1519 527 1564 esse
550 1496 695 1566 vinculo
724 1519 804 1567 cum
830 1498 992 1584 Lydiana
1021 1497 1107 1586 quin
1130 1497 1365 1566 concedamus

191 1606 307 1672 iacere
339 1626 410 1671 nou
434 1625 639 1691 possumus;
675 1627 756 1672 uam
779 1605 900 1673 omnia
924 1626 1014 1692 quae
1039 1604 1240 1673 Macrobius
1262 1604 1366 1671 affert

193 1710 391 1802 veriloquis
429 1711 552 1778 eadem
587 1712 660 1778 iere
688 1720 773 1778 sunt
803 1732 894 1798 quae
918 1711 1012 1799 apud
1037 1711 1177 1800 Lydum
1203 1711 1370 1798 legimus„

194 1821 320 1906 Itaque
344 1817 428 1886 inde
450 1818 583 1904 conligi
606 1827 725 1906 potest
745 1827 936 1905 utrumque
952 1809 995 1884 ad
1013 1839 1124 1885 uuum
1143 1818 1366 1905 eundemque

191 1931 373 1992 auctorem
416 1923 539 1991 redire.
602 1927 736 1991 Auctor
775 1933 894 1992 autem
935 1925 1013 2011 quis
1052 1926 1157 1993 fuerit
1200 1925 1230 1991 si
1271 1945 1372 1991 nuuc

193 2031 406 2118 quaerimus,
433 2031 505 2097 iam
534 2051 595 2118 per
622 2052 661 2097 se
688 2041 789 2118 patet
817 2031 965 2099 aliorum
990 2052 1130 2118 quoque
1154 2031 1365 2118 scriptorum

192 2135 429 2226 inprimisque
453 2135 667 2226 Censorino)
691 2137 848 2223 Isidori2)
871 2137 1066 2224 veriloquis
1094 2136 1250 2204 examini
1274 2137 1369 2204 subi·

193 2243 318 2310 cienda
354 2265 442 2313 esse.
491 2245 628 2312 Horum
654 2243 812 2312 omnium
838 2253 957 2340 autem
981 2243 1026 2310 de
1048 2243 1205 2310 fontibus
1229 2253 1369 2314 senten·

194 2351 266 2418 tiae
294 2372 417 2419 eorum
445 2351 630 2420 hominum
666 2352 860 2432 doctorum,
895 2349 957 2439 qui
992 2350 1194 2438 nuperrime
1228 2350 1264 2416 in
1300 2349 1368 2416 hac

193 2458 403 2544 quaestione
426 2459 660 2525 versabantur
682 2457 880 2544 (Littium3)
907 2467 943 2524 et
967 2457 1180 2540 Hahuium⁴)
1208 2457 1302 2544 dico)
1329 2457 1367 2522 in

193 2564 353 2632 diversas
374 2575 493 2652 partes
517 2565 658 2648 abeunt,
675 2563 806 2652 quippe
822 2585 971 2652 quorum
989 2563 1080 2633 alius
1104 2565 1213 2633 alium
1237 2563 1369 2630 dissen-

193 2671 272 2761 sum
302 2673 396 2742 inter
423 2673 488 2740 hos
511 2673 679 2760 detegere
701 2683 849 2742 conatus
873 2674 927 2742 sit
974 2675 1108 2741 Omnes
1131 2683 1252 2740 autem
1274 2673 1368 2740 inter

65 2857 73 2870 ι
194 2779 295 2846 sein
324 2781 474 2848 summis
497 2779 584 2867 ipsis
607 2779 712 2847 rebus
736 2780 989 2850 concordantes
1012 2781 1062 2848 nil
1086 2781 1158 2848 iere
1181 2778 1277 2847 aliud
1301 2778 1370 2845 dis-

194 2897 350 2974 crepant,
372 2886 441 2954 uisi
456 2887 550 2976 quod
573 2909 695 2955 eorum
712 2889 801 2955 alter
817 2888 927 2954 altero
943 2886 1086 2955 uberius
1102 2888 1146 2954 de
1163 2885 1368 2974 veriloquiis

182 2993 406 3081 agitatque
428 2992 479 3061 ita
502 2993 656 3081 quidem,
684 3004 725 3061 ut
747 2993 866 3060 omnia
889 2992 1047 3060 eiusdem
1073 2993 1263 3060 commenti
1287 3014 1368 3079 apo·

196 3098 620 3194 graphaessevideantur.
643 3097 1368 3185 Haeeenimdissimilitudo‚quaeminoris

194 3207 367 3278 momenti
386 3217 448 3289 est,
463 3206 672 3293 neutiquam
689 3205 824 3289 suadet,
840 3216 881 3272 ut
896 3227 956 3272 eos
973 3205 1153 3272 ediversis
1165 3205 1368 3274 auctoribus

194 3312 357 3380 hausisse
395 3322 605 3396 statuamus,
643 3311 860 3399 praesertim*
889 3333 980 3399 quae
1014 3311 1251 3399 discrepantia
1284 3322 1378 3380 ante.

194 3420 325 3487 omnia
340 3441 421 3487 cum
446 3442 467 3486 a
490 3421 564 3488 sola
588 3419 697 3486 totius
720 3417 799 3487 libri
819 3417 946 3502 indole,
970 3429 1046 3492 tum
1070 3421 1115 3486 ab
1139 3440 1267 3506 eaqua
1282 3439 1381 3506 usus

195 3526 346 3614 scriptor
372 3528 489 3604 fontes
518 3525 731 3614 excerpserit
764 3525 901 3594 ratione
926 3524 1096 3612 *pendeat
1144 3524 1287 3595 Etenim
1324 3548 1369 3592 ex

195 3633 271 3718 sola
295 3633 405 3717 totius
427 3633 539 3716 libelli
561 3642 598 3701 et
620 3632 864 3700 Censoriniani
888 3644 925 3700 et
940 3631 1126 3699 Isidoriaui
1149 3631 1269 3699 indole
1289 3653 1371 3724 conf.

194 3739 318 3820 iectari
342 3740 426 3808 licet
441 3751 633 3827 utrumque
656 3760 815 3816 summas
832 3750 971 3806 tantum
997 3761 1053 3806 res
1075 3760 1163 3827 quas
1179 3748 1303 3808 auctor
1318 3739 1370 3813 eis

196 3846 381 3934 praeberet
405 3845 595 3926 lectoribus
620 3845 936 3928 tradere„voluisse.
983 3849 1101 3932 Atque
1123 3846 1211 3914 haec
1226 3845 1371 3934 quidem

308 4025 334 4112 ¹)
356 4032 377 4090 l.
394 4047 421 4088 c.
436 4027 502 4098 220
527 4047 572 4104 sq.

305 4115 330 4200 ²)
354 4119 395 4194 de
417 4126 524 4177 natura
546 4135 647 4176 terum
669 4117 751 4186 lvo.

306 4207 321 4251 ³
356 4209 375 4266 l.
392 4225 419 4266 c.
433 4227 464 4285 p.
482 4205 522 4268 10
545 4224 590 4284 sq.

305 4287 591 4373 ⁴l.c.p.20sq.
