3318 5050
811 1219 918 1300 capnt
940 1221 974 1283 ΙΙ.

367 1377 531 1459 loannis
559 1377 766 1462 Laurentii
796 1375 899 1483 Lydi
928 1375 980 1461 de
1008 1398 1118 1460 anno
1146 1376 1423 1464 Rornanorum

549 1518 739 1602 doctrina
767 1518 819 1601 ad
847 1518 985 1601 tontes
1013 1523 1245 1603 revocatur.

417 1735 506 1803 Cum
532 1734 623 1819 Lydi
647 1735 899 1822 epitomatores
923 1754 987 1821 pro
1009 1755 1095 1801 suae
1111 1735 1239 1802 aetatis
1255 1757 1353 1802 more
1370 1736 1486 1803 multo

311 1842 430 1929 magis
453 1841 617 1909 delectati
641 1839 714 1909 sint
736 1839 1029 1928 philosophorum
1053 1841 1249 1929 praeceptis
1273 1863 1365 1929 qnae
1388 1843 1484 1930 apud

309 1971 392 2017 eum
431 1948 585 2037 plurima
623 1957 793 2034 congesta
832 1946 1055 2035 reperiebant
1093 1969 1197 2034 quam
1239 1951 1483 2017 Romanorum

311 2055 594 2144 antiquitatibus,
640 2077 709 2122 non
750 2054 958 2122 mirabimur
997 2075 1110 2142 pauca
1156 2056 1261 2122 modo
1308 2056 1485 2143 exiliaque

310 2173 463 2230 aetatem
512 2162 635 2230 tulisse
674 2162 804 2249 placita
843 2163 888 2228 ad
931 2161 1013 2228 anni
1053 2165 1200 2230 {ormam
1240 2164 1485 2252 fastorumque

309 2269 482 2337 rationem
515 2280 551 2337 et
574 2267 855 2336 vicissitudinem
888 2269 1095 2355 spectantia,
1126 2290 1216 2356 qnae
1246 2271 1340 2336 unde
1364 2269 1485 2355 Lydus

310 2377 508 2464 arripuerit,
540 2398 635 2443 nunc
667 2385 827 2443 nostrum
860 2389 915 2442 est
944 2377 1137 2443 ostendere.
1184 2377 1277 2444 Sunt
1305 2399 1390 2444 vero
1424 2377 1485 2444 illa

309 2484 417 2551 huius
434 2483 615 2551 doctrinae
638 2484 799 2565 frustula,
816 2504 907 2570 quae
923 2505 983 2570 per
1001 2492 1115 2549 totum
1132 2485 1204 2552 tere
1220 2506 1309 2571 opus
1326 2484 1485 2571 dispersa

311 2615 356 2658 ex
393 2603 467 2660 tota
502 2590 712 2679 placitorum
750 2590 929 2676 farragine
965 2590 1162 2657 discernere
1200 2590 1402 2658 studuimus
1441 2592 1485 2658 de

313 2697 465 2782 Lydiani
494 2697 614 2784 scripti
639 2696 758 2764 indole
782 2698 896 2764 acturi
921 2697 1014 2785 (vide
1038 2717 1144 2784 supra
1168 2720 1201 2785 p.
1226 2695 1335 2785 4sq.).
1384 2699 1485 2783 Quae

313 2804 477 2892 quamvis
507 2827 528 2871 a
553 2805 654 2889 Lydo
685 2805 866 2872 incondite
898 2814 1117 2891 comportata
1141 2804 1385 2892 dispositaque
1409 2828 1485 2872 esse

311 2911 510 2992 videantur,
536 2921 654 2979 tamen
680 2933 760 2978 eum
786 2921 862 2978 tota
877 2913 946 2978 hac
962 2913 1003 2978 de
1018 2912 1219 2999 temporibus
1234 2912 1485 2999 explanatione

311 3031 444 3086 certam
468 3018 641 3086 rationem
667 3040 774 3106 quam
798 3019 875 3105 ipse
898 3018 1166 3102 indicatin11,1
1193 3019 1245 3086 ita
1260 3032 1485 3106 persecutum

312 3148 389 3194 esse
412 3125 743 3208 demonstravimus,
768 3135 808 3192 ut
831 3125 875 3192 de
899 3125 1033 3209 diebus,
1049 3125 1093 3193 de
1108 3126 1299 3208 mensibus,
1323 3127 1367 3192 de
1384 3127 1486 3193 annis

312 3233 541 3316 vertentibus,
565 3233 609 3298 de
632 3242 790 3319 ternpore
814 3241 922 3320 atque
944 3253 1043 3315 aevo,
1067 3232 1111 3299 de
1134 3231 1288 3318 singulis
1306 3233 1486 3300 mensibus

311 3341 444 3409 diceret
460 3350 575 3429 atque,
591 3339 658 3406 etsi
675 3361 745 3406 non
763 3339 841 3426 ipse
857 3339 1073 3426 profiteatur,
1097 3340 1272 3407 naturalia
1289 3349 1449 3426 tempora
1466 3363 1487 3406 a

311 3447 477 3516 civilibus
493 3446 740 3533 distingueret.
778 3449 884 3512 Hanc
900 3457 1019 3513 autem
1038 3446 1159 3533 scripti
1175 3446 1330 3513 indolem
1348 3470 1369 3513 a
1386 3447 1488 3532 Lydo

311 3556 392 3642 ipso
413 3554 650 3641 excogitatam
669 3575 747 3621 esse
764 3554 826 3620 vix
842 3553 1028 3641 quisquam
1045 3553 1233 3641 putaverit,
1257 3554 1389 3642 quippe
1405 3576 1487 3622 cum

314 3662 462 3729 eandem
495 3662 566 3730 iere
594 3670 793 3748 temporum
818 3660 1084 3747 dispositionem
1110 3683 1130 3727 a
1154 3664 1313 3730 Varrone
1335 3661 1372 3727 in
1396 3663 1488 3728 anti·

314 3769 487 3857 quitatum
515 3769 745 3834 humanorum
767 3768 875 3848 libris,
911 3768 1183 3856 utGruppius1)
1205 3778 1301 3835 recte
1323 3769 1488 3852 ostendit,

314 3887 351 3944 et
374 3876 442 3943 nisi
466 3876 585 3943 omnia
609 3875 745 3958 fallunt,
770 3876 814 3942 ab
839 3874 917 3942 aliis
941 3896 1081 3964 quoque
1104 3875 1342 3962 scriptoribus,
1365 3875 1424 3963 qui
1443 3877 1488 3944 ab

312 3983 375 4051 illo
403 3983 589 4070 pendeant,
617 3981 812 4050 adhibitam
834 4003 911 4049 esse
935 3981 1141 4048 consideret.
1188 3984 1269 4068 Ipse
1292 3981 1387 4049 enim
1412 4004 1491 4070 pro·

426 4235 451 4322 ¹)
474 4241 504 4300 in
528 4240 662 4299 Hermae
693 4241 750 4298 vol.
782 4239 808 4297 X
832 4259 862 4316 p.
878 4237 937 4306 51;
968 4248 1127 4316 praeterea
1158 4237 1297 4297 conteras
1328 4241 1362 4296 Α.
1386 4239 1491 4305 Habn,

315 4331 355 4387 de
380 4329 536 4388 Censorini
560 4329 701 4394 fontibus,
725 4329 795 4386 diss.
818 4328 880 4385 Ieu.
908 4325 992 4388 1905
1015 4346 1045 4403 p.
1062 4327 1114 4387 44.
