3294 5056
773 312 994 381 ...50-

941 537 1042 597 θεσιν
1070 523 1090 618 ἢ
1115 518 1296 618 ἆφαίρεσιν
1321 523 1343 619 ἢ
1372 527 1481 614 μετοί-

940 643 1040 706 θεσιν
1061 631 1083 724 ἢ
1107 626 1402 721 ἐμπνευμάτωσιν.

298 535 397 596 δοσιν
431 523 453 619 ἢ
482 518 657 618 ἀφαίρεσιν
683 524 703 619 ἢ
728 525 830 614 μετά-

298 642 400 704 θεσιν
431 630 452 726 ἢ
485 634 719 721 πνευμάτωσιν
751 660 831 724 συμ-

296 741 421 828 βαίνειν
443 742 530 830 λύγει
547 739 624 822 τούς
638 741 831 830 τερατώδεις

297 847 458 931 τοκετούς,

299 947 317 1024 δ
342 956 378 1024 δὲ
398 946 625 1048 Ἐμπεδοκλῆς
648 947 750 1045 αύτην
773 964 831 1026 τοῦ

298 1061 490 1149 πνεύματος
526 1060 587 1155 την
624 1062 773 1150 ἔλλειψιν
812 1058 832 1152 ἢ

298 1162 484 1260 ύπερβολὴν
510 1167 671 1238 αἰτιᾶται.

941 981 962 1022 ι.
1003 948 1230 1045 Ἐμπεδοκλῆς
1259 955 1385 1041 ,τέρατα
1425 955 1479 1046 γί-

940 1069 1059 1131 νεσθαι
1119 1056 1211 1150 παρὰ
1261 1057 1478 1149 πλεονασμὸν

941 1169 1133 1257 σπέρματος
1159 1165 1181 1261 ἢ
1210 1160 1290 1258 παρ’
1318 1168 1477 1258 ἔλλειψιν

940 1270 962 1366 ἢ
997 1270 1092 1365 παρὰ
1125 1272 1186 1366 την
1219 1281 1280 1366 τῆς
1317 1274 1477 1367 κινήσεως

940 1377 1083 1473 ταραχήν
1127 1379 1149 1474 ἢ
1194 1380 1293 1472 παρὰ
1331 1377 1391 1474 τὴν
1429 1382 1477 1465 είς

942 1490 1050 1558 πλείω
1075 1489 1238 1578 διαίρεσιν
1264 1486 1287 1580 ἢ
1315 1487 1412 1576 παρὰ
1435 1486 1474 1558 τδ

942 1588 1133 1664 ἅπανεύειν.

407 1809 545 1894 Quibus
566 1810 657 1896 Lydi
682 1810 767 1877 locis
793 1832 873 1877 cnm
898 1810 974 1897 ipsa
999 1811 1178 1878 Plutarchi
1204 1811 1359 1899 epitoma
1383 1834 1476 1880 com-

299 1917 432 2004 paratis
457 1939 561 1983 nemo
590 1926 643 1983 est
666 1917 752 2005 quin
780 1939 955 2005 nusquam
981 1917 1039 1985 hic
1056 1921 1225 1985 Ioannem
1249 1919 1474 1986 relationese

300 2023 450 2090 diversis
474 2023 676 2090 auctoribus
701 2025 970 2110 contaminasse,
993 2026 1055 2092 sed
1081 2035 1172 2092 totas
1193 2026 1413 2093 narrationes
1431 2049 1474 2092 ex

301 2152 373 2196 uno
397 2131 589 2216 eodemque
613 2133 710 2197 fonte
734 2131 972 2220 desumpsisse
993 2133 1170 2200 concedat.
1218 2132 1317 2198 Alios
1334 2154 1474 2221 quoque

299 2237 396 2304 locos
425 2239 565 2322 Lydum
595 2261 640 2304 ex
669 2259 711 2304 eo
738 2238 900 2304 hausisse
929 2238 1104 2322 videmus;
1138 2261 1220 2305 nam
1254 2261 1335 2306 eum
1364 2240 1475 2326 philo·

301 2344 493 2431 sophorum
517 2345 649 2431 placita
672 2367 717 2410 ex
740 2345 847 2412 variis
871 2345 978 2413 huius
1002 2347 1110 2412 fontis
1134 2346 1220 2412 locis
1244 2347 1412 2414 arcessita
1435 2347 1471 2412 in

302 2472 413 2518 unum
438 2462 647 2518 concentum
672 2453 853 2541 redegisse
877 2454 983 2540 plane
1006 2453 1236 2520 confirmatur
1260 2454 1351 2538 Lydi
1375 2476 1475 2541 para·

300 2558 438 2645 grapho
451 2560 544 2642 111,12
563 2558 610 2645 (p.
624 2557 845 2646 53,0-54,10),
862 2559 923 2627 ubi
940 2571 1124 2626 enumerat
1139 2560 1335 2628 sententias
1351 2583 1472 2630 eorum

301 2664 602 2752 philosophorum,
630 2667 691 2752 qui
714 2666 758 2732 de
781 2668 888 2734 lunae
911 2678 1047 2750 natura,
1070 2667 1343 2735 inluminatione
1367 2668 1473 2735 inter·

303 2772 468 2859 valloque
492 2795 512 2838 a
537 2783 629 2839 terra
646 2773 888 2860 disputarunt3
912 2796 1003 2860 quae
1020 2784 1094 2841 tota
1111 2775 1365 2841 commentatio
1383 2796 1474 2840 com-

301 2878 447 2967 ponitur
471 2879 515 2945 ob
540 2901 687 2966 eamque
711 2901 855 2947 causam
880 2881 1029 2947 conferri
1053 2880 1136 2948 licet
1160 2903 1240 2947 cum
1257 2881 1433 2968 capitibus
1455 2903 1474 2947 e

301 2985 480 3054 Plutarchi
506 2986 661 3072 epitoma
684 2987 814 3075 petitis,
839 2987 949 3055 veluti
975 2986 1079 3071 11,25;
1104 2985 1207 3071 11‚2u;
1232 2984 1357 3072 11,31.a.

335 3236 423 3320 Lyd.
449 3235 546 3320 111,12
572 3235 619 3322 (p.
644 3233 799 3319 53,o-1r)

300 3406 545 3506 Ἀναξιμένηςῑ)
579 3412 686 3483 τοίνυν
716 3413 833 3483 κύκλον

299 3509 361 3613 την
395 3519 534 3613 σελήνην
568 3516 653 3590 εἶναι
674 3520 832 3607 βούλεται

301 3628 702 3698 ἐννεακαιδεκαπλασίονα
773 3635 834 3720 τῆς

302 3743 383 3828 νῆν»
430 3736 540 3829 πλήρη
579 3725 685 3825 uuis
720 3730 835 3826 ὥσπερ

304 3837 402 3930 <τδν>
427 3850 484 3913 τοῦ
510 3837 611 3932 ἡλίου,

302 3950 495 4043 Ξενοφάνης
537 3949 573 4019 δὲ
611 3951 709 4042 νέφος
750 3946 835 4021 εἶναι

302 4059 554 4148 πεπυρωμένον,

413 4279 435 4349 ¹)
457 4278 526 4338 vide
550 4297 640 4356 supra
662 4300 692 4356 p.
716 4278 768 4339 46.

942 3184 1031 3250 Plut
1048 3205 1101 3270 ep.
1120 3186 1165 3267 11,
1178 3181 1235 3250 25:
1261 3183 1340 3272 περὶ
1363 3175 1476 3265 ούσίας

1131 3288 1281 3382 σελύνης.

941 3406 1194 3505 Ἀναξίμανδρος
1237 3413 1355 3484 κύκλον
1393 3410 1476 3486 εἶναι

943 3523 1346 3592 ἐννεακαιδεκαπλασίονα
1417 3521 1477 3604 Ιτίς

942 3637 1012 3722 γῆς,
1039 3623 1155 3719 ὥσπερ
1180 3624 1278 3716 <τὸν>
1306 3635 1365 3698 τοῦ
1382 3621 1477 3721 ἡλίου

941 3732 1055 3830 πλήρη
1080 3735 1206 3827 πυρός·
1237 3792 1243 3806 .
1270 3790 1278 3804 .
1304 3789 1311 3805 .
1334 3788 1342 3804 .
1368 3788 1376 3805 .
1401 3788 1410 3806 .,
1434 3787 1479 3837 a.

944 3949 1135 4043 Ξενοφάνης
1214 3951 1314 4041 νέφος
1393 3944 1477 4018 εἶναι

942 4059 1187 4150 πεπιλημένον.
