3318 5050
653 438 692 450 ...
743 397 874 465 65,-

171 603 320 700 ¹einzige
350 613 502 681 Gewinn
535 613 662 680 ist‘die
692 613 943 700 Erweiterung
970 613 1032 679 des
1060 612 1238 682 Stammes
1266 613 1359 679 nach

180 721 274 788 oben
298 720 410 787 durch
427 719 709 807 Heranziehung
731 721 794 786 des
811 719 1027 809 Porphyrius
1052 718 1134 807 περὶ
1149 709 1359 810 ἀγαλμάτων,

181 825 239 894 die
264 827 393 913 gewiss
417 827 507 893 auch
531 826 705 896 Wissowa
728 827 928 893 annehmeu
952 825 1048 911 wird,
1073 826 1202 893 ebenso
1219 826 1358 913 gewiss,

180 936 234 1001 als
263 957 300 1001 er
328 935 385 1000 die
410 937 634 1020 Umsetzung
663 957 733 1001 von
757 933 977 1019 Jamblichos
1001 933 1081 1020 περὶ
1105 938 1194 1001 θεῶν
1216 933 1253 999 in
1278 933 1358 1022 περὶ

180 1031 381 1130 ἀγαλμάτων
395 1041 468 1107 und
485 1041 542 1107 die
559 1041 790 1128 Eiuiiihrung
806 1041 868 1107 des
885 1041 1054 1127 Fontejus
1071 1041 1123 1106 als
1139 1039 1359 1108 unerwiesen

180 1148 364 1214 ablehnen¹
393 1152 519 1232 muss,“
553 1159 660 1236 atque
695 1147 811 1214 simile
846 1149 918 1214 iere
948 1147 1118 1214 iudicium
1147 1147 1357 1234 pronuntiat

183 1255 412 1337 Bc'irtzlerus1)
448 1255 498 1321 sic
532 1256 688 1324 locutus:
723 1255 805 1339 „Bei
840 1254 955 1321 seiner
989 1253 1202 1342 Opposition
1239 1276 1357 1340 gegen

181 1361 354 1431 Wissowa
378 1361 426 1429 ist
440 1361 584 1428 Traube
608 1362 836 1429 entschieden
860 1361 909 1428 im
925 1361 1112 1430 Unrecht.“
1158 1361 1259 1445 Quae
1274 1382 1356 1427 cunr

180 1469 232 1535 ita
267 1469 354 1553 sint,
389 1469 476 1535 mihi
511 1469 659 1537 dubium
695 1491 772 1536 esse
805 1491 877 1535 non
913 1469 1053 1536 videtur
1088 1468 1173 1556 quin
1209 1466 1357 1554 Georgii

180 1577 355 1646 Wissowa
390 1575 654 1663 argumentatio
688 1597 709 1643 a
735 1575 893 1643 Traubio
920 1598 991 1642 non
1019 1576 1194 1643 labefacta
1220 1586 1358 1643 senten·

107 1772 110 1778 1
182 1683 303 1769 tiaque
326 1693 421 1751 certa
445 1683 501 1752 sit.

256 1833 259 1840 ·
288 1791 406 1877 Atque
430 1801 641 1858 concentum
665 1790 807 1878 quidem
833 1812 938 1878 quem
959 1789 1051 1857 inter
1067 1790 1207 1874 Lydum
1226 1791 1358 1856 Macro-

181 1896 352 1985 biumque
377 1897 551 1968 Wissowa
575 1898 711 1964 detexit
733 1897 792 1963 ille
815 1897 883 1964 hoc
905 1897 1010 1963 modo
1027 1896 1192 1983 expedire
1209 1906 1357 1963 conatus

182 2005 279 2087 est²):
302 2004 411 2091 „qui,“
434 2004 559 2091 inquit,
582 2014 720 2089 „utrum
744 2004 868 2071 eodem
893 2014 999 2090 atque
1023 2003 1083 2070 ille
1106 2013 1249 2072 auctore
1271 2024 1357 2082 usus

182 2111 230 2178 sit
253 2134 298 2179 au
322 2112 509 2178 Iamblichi
532 2112 576 2178 de
599 2112 666 2178 diis
690 2111 820 2197 placita
843 2134 865 2178 a
888 2111 1081 2178 recentiore
1098 2111 1250 2198 quodam
1267 2113 1359 2178 Neo-

181 2218 361 2305 platonico
395 2220 560 2304 (fortasse
595 2242 616 2284 a
652 2220 787 2300 Proclo)
821 2219 995 2306 acceperit
1029 2219 1158 2286 dubius
1192 2218 1358 2286 haesito.“

182 2325 314 2393 Contra
344 2337 464 2393 autern
492 2325 673 2412 Traube³)‚
701 2326 762 2412 qui
789 2326 938 2392 eandem
966 2325 1210 2412 quaestionem
1233 2325 1357 2413 paucis

180 2432 299 2500 verbis
335 2432 463 2519 tetigit,
499 2434 640 2517 Lydum
671 2441 707 2499 et
734 2432 962 2517 Macrobium,
991 2442 1115 2519 utpote
1143 2433 1203 2520 qui
1232 2443 1269 2500 et
1292 2435 1358 2504 La-

181 2540 331 2606 beonem
368 2551 404 2606 et
431 2539 666 2607 Iamblichum
695 2539 954 2628 usurpaverint,
989 2561 1033 2606 ex
1061 2539 1184 2606 eodem
1214 2549 1359 2606 auctore

181 2648 335 2734 pendere
374 2655 411 2712 et
445 2640 655 2732 compilasse
691 2646 830 2714 Fonteii
864 2646 994 2713 librum
1031 2646 1113 2735 περὶ
1148 2637 1356 2736 ἀγαλμάτων,

182 2753 388 2841 praesertim
412 2773 515 2839 quem
542 2753 665 2837 Lydus
679 2753 763 2840 ipse
787 2753 873 2820 citet
897 2752 988 2842 [1V,2
1006 2753 1054 2843 (p.
1071 2751 1175 2842 65,⁴)],
1191 2753 1357 2839 opinatus

182 2870 246 2929 est.
315 2861 475 2944 Quarum
530 2861 786 2927 sententiarum
826 2862 950 2946 altera,
989 2860 1229 2928 Traubianam
1268 2860 1358 2944 dico,

182 2966 368 3051 reicienda,
403 2967 514 3034 altera
549 2967 752 3034 adcuratius
782 2968 1020 3034 examinanda
1055 2976 1120 3050 est;
1156 2989 1238 3033 nam
1275 2988 1355 3033 cum

182 3071 331 3140 Traubii
366 3073 410 3140 de
445 3073 614 3140 Macrobii
649 3084 792 3142 auctore
827 3074 1029 3163 opinionem
1066 3095 1087 3140 a
1122 3073 1207 3141 viris
1242 3073 1357 3140 doctis

181 3182 373 3248 refutatam
398 3202 475 3247 esse
499 3180 767 3264 ostenderimus
795 3181 856 3248 ille
879 3182 972 3248 inter
995 3181 1085 3248 duos
1109 3180 1357 3266 compilatores

183 3308 376 3355 consensus
404 3288 540 3371 suadet,
563 3296 604 3354 ut
630 3287 666 3354 id
693 3289 787 3376 qnod
810 3288 855 3354 de
880 3288 971 3372 Lydi
997 3297 1141 3355 auctore
1164 3287 1224 3354 ille
1248 3287 1357 3354 sentit

184 3395 423 3481 repudiemus.
471 3396 554 3460 Huc
578 3417 661 3461 vero
685 3393 829 3479 accedit,
853 3395 947 3482 quod
972 3416 1017 3461 ex
1033 3417 1075 3460 ea
1091 3416 1161 3482 qua
1176 3378 1357 3461 inducitur

184 3500 355 3569 Fonteius
381 3502 473 3586 [1V‚2
490 3501 536 3589 (p.
553 3497 647 3590 dipl]
671 3501 808 3568 ratione
824 3502 899 3568 sola
915 3500 1053 3586 Lydum
1071 3523 1142 3567 non
1158 3501 1357 3589 inspexisse

185 3607 261 3676 eius
283 3607 414 3675 librum
438 3607 626 3674 coniectari
650 3618 778 3696 potest.

289 3717 365 3782 Iam
389 3737 474 3782 vero
497 3714 741 3802 quaestionem
756 3715 801 3792 de
818 3715 981 3799 Lydiano
997 3724 1140 3782 auctore
1156 3715 1355 3782 institutnri

181 3820 272 3908 Lydi
297 3832 334 3888 et
350 3821 519 3888 Macrobii
543 3821 588 3888 de
604 3821 659 3888 dis
674 3821 813 3908 placita,
831 3831 872 3888 ut
888 3843 978 3908 quae
993 3821 1088 3888 inter
1103 3844 1145 3889 ea
1161 3822 1356 3890 intercedat

180 3935 271 3996 ratlo
294 3949 561 4015 cognoscamus,
590 3927 683 3995 inter
705 3950 782 3994 sese
806 3927 997 4014 diligenter
1019 3930 1250 4014 conteramus,
1278 3950 1356 4015 pro-

177 4090 395 4102 *—

293 4185 317 4261 ¹)
340 4188 359 4244 l.
383 4204 409 4246 c.
431 4206 462 4262 p.
479 4184 521 4246 49
545 4194 607 4244 not
634 4186 661 4247 l.

291 4269 319 4355 2)
341 4276 361 4332 l.
385 4293 411 4333 c.
433 4294 464 4352 p.
479 4274 531 4335 42.

290 4360 318 4446 ³)
340 4365 359 4422 l.
383 4382 410 4423 c.
431 4384 463 4440 p.
480 4363 532 4425 37.
