3318 5050
664 331 883 402 ..95-

182 551 302 624 dicem
318 549 521 618 adhibuerit
536 548 642 618 modo
660 546 883 637 ampliticans
898 547 1004 616 modo
1016 559 1170 631 mutans,
1186 547 1363 631 recedant,

184 659 258 726 ianr
287 656 420 726 nemini
449 657 597 725 dubium
626 656 787 725 videtur·
805 661 807 666 '
826 656 907 722 Hoc
929 645 1035 724 modo
1064 665 1184 723 autem
1209 654 1254 722 ad
1277 654 1366 721 Sue·

185 763 513 833 tonium‘Varronis
536 773 747 831 sectatorem
754 764 780 851 ¹)
793 761 1010 845 deducimur,
1031 759 1132 828 cuius
1148 762 1360 849 populorum

184 871 339 938 indicem
355 870 416 938 alii
432 863 534 938 aliter
548 878 815 958 excerpserunt3
836 891 918 938 nam
935 868 1147 937 Suetonium
1165 868 1362 956 permultos

185 978 339 1066 populos
362 978 555 1045 advocasse
579 977 637 1044 vel
660 976 743 1044 inde
762 976 918 1063 adparet,
941 974 1035 1064 quod
1062 974 1262 1042 Macrobius
1278 996 1364 1062 pan-

186 1106 309 1152 carum
326 1095 467 1152 tantum
485 1086 673 1170 regionum
689 1103 824 1151 morem
839 1104 878 1150 se
893 1081 1073 1150 rettulisse
1085 1081 1162 1168 ipse
1175 1082 1362 1170 profitetur

185 1194 217 1276 (Ι
235 1189 319 1276 12ρ).
367 1195 493 1280 Itaque
516 1211 588 1258 non
612 1191 741 1258 mirum
758 1200 822 1276 est,
844 1191 940 1278 quod
955 1189 1077 1276 Lydus
1093 1211 1157 1277 pro
1174 1191 1365 1257 Acarnani-

187 1300 256 1366 bus
279 1299 464 1383 Sicyonios
487 1297 619 1382 attulit,
641 1298 849 1385 praesertim
874 1298 936 1386 qui
959 1298 1171 1384 antea[111,r
1191 1303 1234 1385 (p.
1251 1293 1364 1382 3⁷³0]

185 1406 233 1472 de
246 1407 422 1473 Arcadum
435 1399 752 1492 sicyoniorumque
768 1405 950 1472 mensibus
965 1406 1105 1473 locutus
1121 1415 1224 1472 esset.
1261 1404 1363 1488 Quae

186 1535 271 1580 cum
295 1513 344 1580 ita
365 1513 447 1597 sint,
472 1511 559 1579 mihi
580 1512 729 1580 dubium
746 1533 823 1580 esse
838 1531 910 1580 non
927 1511 1077 1595 videtur,
1100 1511 1186 1598 quin
1203 1511 1363 1578 hocloco

187 1618 311 1705 Lydus
334 1620 576 1688 Suetonianae
599 1618 779 1686 doctrinae
802 1618 957 1703 vestigia
980 1618 1157 1706 presserit.

297 1729 375 1794 Nec
396 1726 514 1794 minus
529 1725 674 1794 difficile
697 1734 752 1793 est
773 1725 809 1793 id
834 1725 878 1792 ad
902 1725 1168 1793 diiudicandum
1192 1725 1253 1792 illo
1277 1726 1363 1806 loco,

187 1855 260 1920 quo
288 1834 409 1919 Lydus
433 1843 469 1901 et
494 1833 693 1900 Macrobius
716 1832 761 1899 de
779 1832 929 1900 ‘Romuli
952 1854 1047 1899 anno
1071 1842 1198 1918 agunt:

322 2012 475 2100 Macrob.
499 2009 594 2096 112,³

189 2160 261 2205 non
291 2137 403 2228 igitur
434 2137 563 2204 mirum
591 2135 628 2203 in
656 2136 724 2202 hac

189 2244 368 2311 varietate
384 2246 566 2310 Romanos
582 2264 723 2331 quoque

188 2351 276 2418 olim
309 2363 453 2420 auctore
484 2351 638 2418 Romulo
665 2372 724 2416 an·

191 2480 281 2525 num
297 2479 401 2525 suum
417 2458 539 2525 decem
555 2457 723 2524 habuisse

190 2565 373 2632 mensibus
407 2564 624 2648 ordinatum,
662 2563 723 2650 qui

189 2693 309 2738 annus
331 2671 525 2759 incipiebat
547 2693 569 2738 a
586 2671 723 2753 Martio,

189 2791 231 2846 et
251 2778 502 2846 conficiebatur
518 2777 643 2845 diebus
660 2785 725 2844 tre·

190 2884 305 2953 centis
320 2896 498 2973 quattuor,
516 2895 555 2952 nt
570 2906 634 2951 sex
651 2884 723 2971 qui·

189 2992 274 3060 dem
299 3013 447 3076 menses,
470 2991 507 3059 id
523 3001 578 3058 est
593 2990 724 3078 Aprilis

193 3099 319 3167 Iunius
348 3099 494 3167 Sextilis
518 3098 725 3186 September

193 3206 398 3274 November
410 3206 614 3290 December,
627 3205 726 3270 trice-

192 3335 282 3384 num
310 3313 598 3396 essentdierum,
626 3323 726 3399 quat·

194 3431 276 3488 tuor
306 3442 398 3504 vero,
430 3420 580 3488 Martius
609 3419 725 3486 Maius

192 3527 366 3612 Quintilis
394 3529 558 3610 October,
583 3526 725 3595 tricenis

194 3647 232 3702 et
276 3635 429 3722 singulis
467 3635 725 3722 expedirentur,

194 3741 256 3830 qui
295 3742 471 3830 hodieque
508 3741 726 3830 septimanas

194 3849 329 3917 habent
349 3851 481 3933 Nonas,
505 3848 611 3916 ceteri
628 3849 727 3936 quin·

195 3966 310 4024 banau.

951 2012 1038 2093 Lyd.
1064 2011 1122 2098 λιι
1148 2022 1184 2078 et
1207 2012 1250 2084 al.

831 2266 865 2331 p.
891 2241 973 2328 Bne:
1009 2235 1109 2335 άρχήν
1144 2246 1181 2314 δὲ
1215 2246 1364 2314 ἐνιαυτοῦ

831 2349 951 2420 δίδωσι
962 2343 1130 2438 Ῥωμύλος
1140 2346 1198 2419 τὸν
1208 2351 1366 2442 Μάρτιον

832 2452 920 2547 πρὸς
943 2447 1193 2550 τιμὴνλίροος·
1218 2451 1364 2542 ἐξαάτοῦ

832 2558 895 2654 γάρ
932 2555 1035 2634 αὐτὸν
1078 2567 1234 2656 γενέσθαι
1268 2566 1367 2658 λόγος

833 2720 1006 2740 ......
1028 2674 1108 2741 δέκα
1122 2672 1238 2760 μόνοις
1251 2675 1365 2768 μησίν.

834 2782 890 2860 Ius
915 2780 963 2868 (p.
980 2777 1056 2866 9u):
1081 2771 1098 2850 ὁ
1122 2779 1280 2864 ἐνιαυτός,
1303 2782 1365 2851 iaci

832 2886 871 2954 δὲ
903 2877 1069 2974 Ῥωμύλου
1108 2879 1253 2975 ὁρίζεται
1289 2942 1297 2957 .
1323 2943 1364 2960 ..

833 2995 1073 3088 ὁοκαμηνιαῖος,
1102 3002 1167 3062 τῶν
1193 2998 1255 3082 μὲν
1276 2991 1367 3086 ὑπὲρ

832 3099 1010 3189 τριακάδος
1049 3093 1174 3193 ἡμέρας
1216 3107 1363 3186 πλείους,

832 3213 899 3275 τῶν
925 3209 962 3277 δὲ
996 3201 1176 3291 ἐλάττονας
1199 3211 1367 3297 λαχόντων

832 3322 953 3407 μηνῶν.

834 3530 932 3614 111‚rn
967 3531 1014 3619 (p
1039 3530 1151 3617 49,n):
1187 3533 1294 3620 ἔχουσι
1328 3538 1367 3604 δὲ

834 3635 1016 3724 ἑβδομαίας
1051 3640 1112 3724 μὲν
1153 3636 1215 3721 τάς
1249 3640 1369 3724 Νάνας

835 3742 990 3832 Μάρτιος
1054 3744 1172 3828 Μάῖος
1233 3740 1369 3832 Ἰούλιος

835 3841 1039 3941 Ὀιιτώβριος,
1064 3853 1266 3939 mortmaine
1281 3857 1318 3924 di
1333 3855 1366 3924 oi

835 3958 953 4028 λοιποὶ
976 3957 1110 4040 πάντες.

251 4229 331 4381 4⁷³¹)
352 4231 431 4378 neap
459 4228 741 4290 mercamentum
779 4232 810 4290 in
848 4232 883 4294 c,
915 4205 1050 4292 Susiani
1076 4193 1251 4311 '‘rnnqmn
1282 4237 1373 4312 rara.

194 4339 227 4396 p.
338 4327 372 4378 et
726 4339 730 4346 ’
