3294 5056
789 299 987 368 ..6-

305 519 392 588 nihil
428 517 524 587 aliud
560 518 628 586 nisi
661 517 921 606 disputationes
955 518 999 586 de
1034 518 1228 606 primorum
1256 517 1474 587 advenarum

304 627 436 696 fabulis
460 625 572 695 veluti
592 625 636 693 de
653 625 831 712 Euandro,
855 626 971 711 Ulixe,
995 625 1175 711 Diomede,
1199 628 1352 712 Ausone,
1368 625 1476 711 Circa,

305 738 425 803 Aenea
449 742 556 821 atque
579 733 622 800 de
644 733 694 801 eis
710 733 815 802 rebus
832 755 919 820 quas
935 733 987 800 illi
1002 733 1040 799 in
1056 733 1197 802 Italiam
1214 732 1475 816 transtulerant,

305 843 349 910 de
380 841 655 928 magistratuum
686 841 910 929 militumque
937 840 1140 928 insignibus
1165 848 1205 907 et
1233 843 1475 909 Romanorum

304 948 590 1018 institutionibus
624 948 675 1015 ita
709 949 898 1036 protulisse
932 949 1088 1036 adparet,
1123 956 1164 1015 ut
1197 947 1256 1014 hic
1283 947 1372 1014 liber
1400 969 1476 1015 esse

306 1057 415 1125 totius
432 1056 549 1143 operis
563 1055 784 1143 prooemium
802 1055 979 1143 quoddam
996 1055 1172 1139 videatur;
1189 1063 1226 1122 et
1240 1055 1328 1122 haec
1345 1055 1477 1122 coniec-

306 1173 385 1233 tura
402 1186 444 1233 eo
460 1163 698 1247 confirmatur,
720 1162 813 1250 quod
830 1163 905 1230 eius
923 1163 1048 1230 titulus
1064 1162 1109 1229 ab
1125 1161 1289 1230 omuibus
1307 1161 1476 1248 Lydianis

308 1270 600 1360 epitomatoribus
621 1270 727 1358 plane
743 1269 927 1338 omittitur.
974 1273 1099 1356 Itaque
1114 1268 1151 1335 in
1167 1269 1265 1336 libris
1282 1271 1329 1356 II,
1345 1271 1409 1354 III,
1425 1271 1476 1338 IV

306 1387 418 1447 totam
452 1379 523 1450 fere
550 1377 603 1444 ,de
639 1377 857 1464 temporibus
889 1376 1176 1466 explanationem
1205 1379 1374 1445 Ioannem
1403 1397 1477 1464 per-

305 1486 428 1554 fecisse
452 1485 520 1573 ipsi
543 1485 671 1554 horum
694 1484 863 1553 librorum
888 1485 983 1553 tituli
1005 1493 1189 1569 testantur,
1213 1505 1300 1570 quos
1317 1493 1476 1553 servatos

306 1615 382 1662 esse
410 1593 573 1661 videmus
601 1592 637 1658 in
666 1592 870 1659 recensione
899 1613 990 1680 quae
1013 1601 1161 1660 vocatur
1185 1591 1374 1659 Barberina
1398 1613 1476 1680 qua,

305 1709 346 1769 ut
367 1701 445 1788 ipsa
468 1699 705 1787 Wuenschii¹)
728 1700 837 1767 verba
858 1701 1013 1785 afferam,
1037 1700 1206 1785 „alterum
1222 1699 1352 1767 librum
1368 1699 1476 1767 fuisse

305 1807 386 1896 περὶ
420 1799 556 1898 ἦμέρας,
598 1807 742 1875 tertium
783 1807 865 1895 περὶ
902 1805 1017 1898 μηνός,
1055 1815 1221 1895 quartum
1256 1808 1297 1874 de
1329 1807 1477 1894 singulas

306 1916 477 1983 mensibus
509 1914 770 2002 conscriptum“
804 1915 981 1984 docemur.
1038 1917 1222 1982 Praeterea
1256 1923 1376 1982 autem
1411 1915 1475 1982 hos

305 2032 376 2091 tres
410 2023 531 2107 libros,
566 2043 654 2109 quos
690 2022 809 2091 omnia
840 2023 1002 2108 Lydiaua
1029 2023 1136 2091 verba
1166 2044 1273 2110 supra
1302 2021 1476 2110 exscripta
1573 2115 1576 2120 1
1627 2093 1628 2096 ,

305 2130 512 2218 respiciunt,
547 2138 624 2196 arto
658 2129 750 2198 inter
778 2151 815 2198 se
844 2130 1052 2199 coniunctos
1079 2151 1157 2198 esse
1186 2130 1329 2198 vinculo
1361 2130 1477 2197 elucet

306 2260 378 2306 non
402 2237 507 2305 modo
531 2260 576 2304 ex
599 2238 676 2325 ipsa
700 2238 902 2326 argumenti
925 2238 1100 2306 affinitate
1124 2259 1231 2326 quam
1256 2237 1378 2324 Lydus
1401 2239 1476 2326 ipse
1554 2313 1557 2320 ,

305 2345 446 2434 saepius
480 2345 669 2433 significat,
703 2346 766 2413 sed
795 2346 902 2414 etiam
931 2369 976 2413 ex
1004 2355 1079 2415 tota
1107 2345 1312 2433 disputandi
1340 2346 1476 2415 ratione

306 2463 413 2542 atque
427 2452 683 2541 disquisitionis
696 2453 822 2538 indole,
836 2475 942 2542 quam
956 2454 1122 2542 detegere
1135 2475 1229 2522 nunc
1241 2463 1400 2523 nostrum
1415 2462 1475 2522 est

413 2582 494 2646 Hac.
520 2579 557 2645 in
586 2601 623 2647 re
647 2580 862 2668 exploranda
889 2581 991 2648 nobis
1014 2580 1183 2649 librorum
1206 2579 1350 2668 singula
1373 2602 1477 2668 argu-

305 2695 427 2755 menta
458 2687 612 2755 breviter
639 2687 818 2755 afferenda
841 2696 933 2766 sunt,
956 2688 992 2755 id
1017 2688 1111 2776 quod
1136 2687 1400 2772 Wuenschius2)
1423 2710 1477 2755 ac-

306 2803 406 2863 turus
435 2794 478 2863 de
508 2793 670 2880 Lydiano
698 2795 811 2883 qualis
844 2794 928 2864 olim
956 2795 1065 2864 fuerit
1091 2794 1180 2862 libro
1209 2816 1280 2861 non
1308 2795 1476 2882 neglexit,

305 2911 341 2970 et
365 2925 385 2969 a
407 2903 498 2970 libro
521 2902 676 2969 secundo
698 2903 841 2970 initium
865 2903 1078 2971 sumendum
1103 2910 1167 2970 est.

411 3026 539 3095 Totius
568 3027 685 3115 operis
708 3028 856 3095 materia
880 3027 916 3093 in
940 3027 960 3117 ξ
983 3026 1001 3094 1
1027 3027 1182 3095 indicata
1206 3028 1328 3114 Lydus
1351 3028 1388 3095 in
1413 3032 1431 3114 ᾖ
1455 3027 1476 3094 2

304 3136 351 3225 (p.
371 3132 465 3220 18,u)
489 3135 534 3203 ad
555 3133 796 3203 definiendum
812 3135 905 3202 diem
927 3136 1124 3204 naturalem
1143 3145 1179 3204 et
1193 3137 1230 3202 in
1246 3136 1475 3224 sequentibus

305 3243 467 3312 versibus
499 3241 542 3310 ad
574 3241 667 3309 diem
692 3242 832 3311 civilem
857 3242 1105 3330 explicandum
1135 3243 1229 3331 apud
1254 3243 1476 3330 Babylonios,

304 3351 502 3439 Aegyptios
532 3351 798 3438 Hebraeosque,
827 3350 991 3436 Umbros,
1019 3350 1265 3437 Athenienses,
1295 3355 1475 3420 Romanos

304 3459 448 3526 accedit
495 3457 613 3546 Atque
641 3467 828 3546 postquam
859 3458 1074 3547 paragraphi
1103 3456 1124 3524 4
1152 3459 1255 3528 initio
1280 3459 1476 3528 Chaldaeos

305 3575 340 3634 et
368 3566 566 3655 Aegyptios
596 3565 790 3634 secundum
818 3566 1057 3635 hebdomades
1084 3565 1159 3635 dies
1187 3566 1391 3636 distinxisse
1420 3589 1477 3634 ex-

304 3673 425 3761 posuit
453 3695 473 3740 a
497 3672 719 3761 planetarum
745 3696 901 3760 numero,
929 3696 1079 3763 quarum
1103 3683 1202 3743 motu
1226 3697 1349 3743 omnes
1374 3685 1476 3744 tonos

306 3779 399 3848 effici
427 3779 464 3846 in
493 3782 552 3866 II,s
582 3779 698 3866 docet,
727 3782 849 3867 Lydus
878 3782 921 3850 ad
950 3783 1174 3870 singulorum
1203 3782 1339 3851 dierum
1368 3782 1477 3872 signi-

279 3957 281 3962 ,
305 3886 488 3955 ficationes
511 3909 722 3977 progressus
745 3889 782 3956 in
801 3893 859 3976 ΙΙ,4
884 3912 905 3957 a
925 3889 1038 3978 primo
1060 3889 1231 3978 cuiusque
1246 3889 1475 3959 hebdomadis

305 3995 362 4064 die
389 3995 515 4084 incipit
542 3997 620 4064 fuse
648 3997 840 4086 expediens
863 3997 1026 4085 primum,
1049 3998 1144 4066 unde
1167 3997 1225 4068 hic
1248 3996 1324 4068 dics
1347 4019 1476 4066 nomen

306 4115 518 4156 ...t-...-

415 4195 440 4283 1)
463 4204 482 4260 Ι.
505 4220 531 4260 c.
555 4221 585 4279 p.
608 4199 770 4260 LXXVIII.

413 4289 436 4368 ²)
458 4292 478 4349 L
501 4309 527 4349 c.
550 4310 580 4368 p.
603 4289 760 4350 LXXXII
783 4309 826 4368 sq.
