3318 5050
781 357 1005 429 -86-

304 587 426 661 pressa
455 595 531 642 esse
560 595 666 643 nemo
688 575 1035 663 infitias-ibittt'sed
1060 599 1142 646 eum
1166 580 1211 646 ab
1235 579 1485 672 aliis-accepta

305 681 631 762 rettulisseomnes
654 684 859 751 concedent.
908 684 1010 768 Quae
1033 705 1114 752 cum
1131 685 1183 752 ita
1198 685 1280 770 sint,
1304 687 1370 756 viri
1387 691 1484 760 docti

304 790 375 856 iam
411 787 553 876 saepius
587 788 814 875 indagarunt,
839 789 897 858 oui
920 798 1052 858 auctori
1078 792 1199 877 Lydus
1222 793 1368 862 deberet
1390 796 1486 865 hanc

303 896 511 964 doctrinam.
558 897 718 980 Quorum
735 897 833 980 alter,
858 899 884 966 1.
904 897 1118 966 Fridericum
1137 897 1302 972 Schultze
1318 902 1416 987 dico,
1432 905 1486 974 sic

305 1003 488 1089 iudicat²):
516 1003 661 1090 ,Lydus
681 1003 888 1091 compilavit
904 1003 1142 1092 expositiones
1158 1007 1298 1074 serioris
1314 1011 1486 1097 temporis

304 1133 396 1198 quae
406 1111 532 1179 'doctas
545 1110 701 1198 priorum
715 1111 935 1179 saeculorum
948 1111 1215 1201 disquisitiones
1226 1134 1289 1201 per
1301 1115 1482 1202 epitomen

265 1297 268 1304 Δ
305 1218 686 1306 comprehenderunt“;
729 1219 826 1302 alter,
874 1218 1241 1298 Reifferscheidium³l
1286 1222 1373 1303 dico,
1420 1225 1482 1311 qui

304 1326 474 1393 laudabili
494 1347 601 1413 opera
617 1325 738 1392 omnia
754 1325 917 1393 Suetonii
934 1326 1135 1412 fragmenta
1151 1329 1316 1414 conlegit,
1340 1328 1481 1415 Lydum

307 1434 465 1520 appellat
480 1432 644 1501 Suetonii
668 1432 944 1519 compilatorem,
967 1433 1173 1520 praesertim
1198 1456 1279 1501 cum
1304 1458 1481 1523 nusquam

303 1540 340 1612 in
353 1540 408 1606 his
422 1539 593 1625 Lydianis
604 1539 703 1606 libris
716 1539 792 1606 eius
805 1560 934 1606 nomen
947 1538 1161 1609 inveniatur.
1175 1541 1273 1625 Quas
1284 1544 1483 1612 sententias

304 1657 447 1715 secutus
470 1647 649 1733 Georgius
673 1645 889 1729 Wissowa⁴)‚
913 1647 974 1733 qui
997 1646 1042 1714 de
1063 1647 1301 1715 Macrobiauis
1320 1649 1482 1733 lontibus

305 1776 417 1841 agens
433 1754 525 1820 hanc
541 1753 784 1842 quaestionem
800 1752 924 1841 paucis
940 1753 1058 1820 verbis
1073 1754 1204 1840 tetigit,
1227 1755 1481 1828 animadvertit

303 1873 524 1945 concentum,
554 1862 614 1948 qui
643 1861 736 1928 inter
764 1861 903 1946 Lydum
937 1870 973 1927 et
1001 1860 1169 1928 Macrobii
1193 1861 1478 1932 Saturnaliorum

301 1969 323 2036 1.
348 1965 511 2035 112-16
539 1967 733 2051 intercedit,
767 1989 859 2055 quae
882 1968 943 2034 ille
970 1990 989 2034 e
1012 1968 1173 2036 Suetonii
1204 1969 1295 2036 libro
1324 1971 1370 2038 de·
1387 1993 1482 2038 anno

303 2079 537 2142 Romanorum
560 2075 707 2142 fluxisse
729 2074 1029 2156 demonstravit⁵);
1053 2096 1157 2162 quem
1182 2088 1394 2144 concentum
1419 2079 1480 2148 ille

301 2184 353 2250 ita
393 2183 622 2269 expediebat,
665 2192 706 2249 ut
745 2204 765 2248 a
800 2182 903 2266 Lydo
941 2181 977 2248 in
1016 2180 1298 2269 expositionibus
1338 2185 1480 2262 serioris

303 2290 474 2378 temporis
488 2299 655 2377 excerpta
666 2289 762 2357 illius
774 2286 984 2356 Suetoniani
995 2287 1076 2356 libri
1088 2288 1235 2356 inventa
1247 2288 1479 2379 adhibitaque

302 2407 379 2465 esse
396 2408 577 2466 statueret
602 2397 733 2464 Contra
749 2395 851 2463 aliter
867 2393 1078 2464 Theodorus
1095 2396 1180 2479 Litt,
1196 2396 1258 2484 qui
1276 2399 1480 2485 nuperrime

301 2505 339 2570 in
365 2527 405 2572 ea
430 2503 637 2591 quaestione
662 2513 821 2596 versatus
838 2511 902 2587 est,
925 2525 946 2570 a
963 2502 1065 2588 Lydo
1082 2503 1333 2591 Macrobioque
1352 2505 1479 2574 Corne·

301 2611 389 2679 lium
415 2611 617 2683 Labeonem
653 2610 852 2677 adhibitum
887 2631 964 2677 esse
997 2610 1139 2691 docet0).
1187 2610 1289 2678 illam
1314 2611 1409 2681 enim
1434 2613 1479 2679 de

300 2717 471 2786 Suetonio
493 2718 695 2805 opinionem
720 2717 930 2787 aWissowa
953 2717 1127 2805 prolatam
1151 2718 1305 2785 relutarc
1329 2729 1478 2787 conatus

304 2825 493 2908 ,Macrobii
533 2825 578 2891 de
614 2827 857 2891 Romanorum
897 2846 991 2892 anno
1026 2825 1208 2892 mensibus
1246 2825 1372 2892 diebus
1410 2826 1480 2893 dis·

300 2931 521 3020 putationem
539 2932 769 3019 principalem
786 2953 832 2998 ex
847 2930 960 3000 Verrii
977 2932 1148 2999 iustorum
1164 2931 1264 2998 libris
1279 2930 1474 3000 derivatam

297 3048 397 3107 esse⁸⁴
424 3038 657 3127 explicavit7).
703 3039 768 3106 Sed
792 3037 913 3105 bacin
930 3060 968 3105 re
984 3036 1117 3110 Littius
1133 3037 1222 3104 nihil
1238 3038 1324 3106 novi
1341 3039 1479 3124 attulitq

298 3167 383 3214 uam
408 3146 578 3214 Macrobii
607 3156 787 3214 auctorem
816 3145 931 3214 Verrii
959 3167 1101 3233 quoque
1130 3144 1284 3230 vestigia
1307 3147 1475 3232 pressisse

293 3255 474 3324 'Wissowa
496 3253 573 3340 ipse
595 3252 769 3321 indicavit
791 3252 843 3319 sic
862 3254 1048 3334 locutusu:
1075 3262 1202 3339 ,atque
1218 3252 1392 3338 imprimis
1409 3253 1479 3320 hoc

303 3437 516 3445 ---—--—-

411 3527 435 3608 ¹)
459 3528 497 3587 cl.
520 3529 559 3587 H.
574 3529 758 3594 Willemeen
781 3527 819 3585 de
838 3527 1043 3585 varronianae
1059 3526 1215 3585 doctrinae
1232 3527 1313 3602 apud
1330 3525 1476 3585 laetorum

297 3619 463 3697 scriptores
485 3618 628 3694 vestigiis,
652 3617 723 3676 dias.
746 3616 841 3675 Bona.
868 3613 952 3677 1906
975 3635 1005 3691 p.
1028 3615 1059 3676 8.

295 3719 300 3732 ·
408 3705 526 3786 ²)1.c.
550 3703 807 3782 p.29not24.

407 3795 433 3873 8)
456 3796 487 3854 in
499 3796 681 3855 collectione
694 3794 728 3853 C.
739 3794 875 3854 Suetonii
886 3794 1052 3870 Tranquilli
1063 3793 1258 3870 reliquiarum
1267 3791 1351 3855 1860
1360 3813 1388 3870 ρ,
1400 3792 1477 3854 476.

409 3885 423 3927 ⁴
460 3886 500 3943 de
515 3885 665 3943 Macrobii
681 3885 798 3942 Satura.
814 3882 887 3942 lout.
903 3901 970 3958 cap.
983 3883 1049 3951 tria,
1061 3884 1131 3942 diss.
1144 3882 1264 3941 Vratisl.
1279 3881 1364 3944 1880
1379 3903 1409 3959 p.
1422 3881 1475 3943 22.

408 3974 422 4018 ⁵
455 3976 523 4036 lc.
569 3973 643 4034 .17
697 4015 704 4032 .

294 4061 305 4076 ⁵
406 4065 430 4144 ⁶)
452 3993 571 4123 Theoi.
587 3992 718 4129 Litnsde
734 4062 832 4120 Verrii
847 4061 949 4121 Flacci
964 4070 997 4119 et
1011 4061 1145 4120 Cornelii
1159 4059 1313 4120 Labeonis
1327 4059 1475 4120 fastorum

297 4154 391 4228 libris,
414 4154 485 4217 dies.
509 4151 604 4211 Bonu.
630 4149 714 4212 1904
738 4170 768 4226 p.
793 4148 835 4212 23
849 4168 894 4226 sq.
1429 4179 1432 4188 ·

406 4245 432 4319 7)
455 4245 474 4300 l.
497 4260 523 4300 c.
546 4261 576 4318 p.
603 4240 652 4301 17.

406 4333 430 4409 t)
454 4335 523 4390 l..c.
546 4350 574 4406 p.
593 4328 652 4396 ¹32.
