3318 5050
668 343 888 412 ..gu-

191 561 344 647 adparet
368 599 409 608 »-
433 559 528 647 quod
564 580 609 625 ne
644 569 749 626 antea
767 559 926 647 *quidem
962 559 1202 646 ignorabatur,
1235 561 1309 627 sed*
1327 583 1373 628 ex

191 667 320 734 -Isidori
340 666 483 734 xmiseris
500 665 675 753 excerptis
691 687 762 733 uon
779 675 920 753 poterat
936 665 1023 733 satis
1039 665 1188 754 perspici
1213 705 1256 718 -
1279 667 1374 734 hanc

193 773 384 861 praecipue
407 772 579 840 rationem
606 772 817 840 Suetonium
841 782 1003 840 secutum
1028 794 1114 858 esse,
1138 783 1178 842 ut
1201 775 1371 842 Varronis

192 891 303 968 atque
332 879 446 948 Verrii
481 879 598 946 Flacci
632 879 828 946 doctrinam
865 879 957 947 inter
991 901 1030 946 se
1064 880 1267 948 conciliaret
1276 883 1301 968 ¹)
1336 882 1373 948 et

192 987 297 1075 quasi
321 987 358 1053 iu
384 1007 495 1053 unum
510 986 691 1070 conflaret,
715 986 837 1073 paucis
854 986 933 1053 aliis
949 986 1118 1054 adhibitis
1133 986 1231 1054 libris
1246 988 1372 1055 Verrio

193 1093 459 1176 recentioribus,
483 1101 524 1160 ut
546 1090 691 1160 Masurii
714 1093 839 1161 Sabini
853 1093 969 1177 iastis3
992 1093 1232 1181 antiquiorum
1250 1104 1370 1162 autem

194 1201 421 1288 scriptorum,
459 1221 548 1287 quos
585 1202 734 1268 multos.
751 1201 925 1282 laudavit,
960 1199 1124 1269 notitiam
1159 1223 1178 1267 e
1214 1204 1381 1270 Varrone·

196 1322 233 1375 et
273 1308 397 1377 Verrio
436 1309 643 1394 plerumque
683 1305 843 1374 hausisse
881 1307 1058 1391 videtur“,
1096 1317 1132 1375 et
1170 1309 1262 1374 hanc
1296 1331 1370 1375 rem

196 1415 320 1502 paucis
357 1414 530 1501 exemplis
568 1413 784 1483 inlustravit.
846 1414 979 1485 Littius
1018 1425 1136 1482 autem
1178 1437 1239 1501 eo,
1276 1417 1371 1502 quod

194 1543 288 1609 quae
317 1520 485 1588 Macrobii
518 1530 641 1587 auctor
671 1520 839 1589 eVerrio
865 1521 1089 1588 arcessiverit
1124 1522 1268 1608 longius
1296 1544 1373 1608 per·¹

196 1640 342 1696 secutus
388 1637 462 1712 est,
508 1628 600 1694 hauc
638 1627 833 1696 Wissowae
877 1626 1078 1715 opinionem
1118 1629 1163 1695 de
1200 1630 1372 1697 Suetonio

198 1735 367 1803 Macrobii
397 1745 540 1802 auctore
569 1755 640 1800 non
672 1734 778 1801 modo
809 1756 880 1800 non
908 1735 1026 1818 diluit,
1056 1737 1115 1802 sed
1153 1735 1259 1803 etiam
1296 1738 1372 1803 eius

194 1842 410 1910 sententiam
449 1842 494 1908 de
532 1840 702 1908 Suetonio
729 1841 843 1910 Verrii
882 1852 1055 1909 sectatore
1093 1842 1228 1909 invitus
1266 1844 1372 1930 plane

196 1949 436 2032 confirmavit3
465 1970 548 2015 nam
577 1948 615 2014 id
643 1948 739 2035 quod
767 1947 826 2014 ille
857 1948 943 2014 dicit
965 1949 985 2014 l.
1010 1969 1038 2014 c.
1061 1970 1093 2036 p.
1119 1946 1179 2017 16:
1206 1949 1372 2034 ,minime

195 2077 238 2122 ea
275 2055 310 2121 in
345 2076 416 2142 qua
449 2055 691 2141 deprehensus
727 2065 782 2122 est
806 2054 974 2121 Macrobii
1010 2065 1134 2121 auctor
1158 2056 1371 2143 compilandi

196 2162 289 2230 ratio
325 2162 362 2228 in
395 2161 556 2230 Suetonii
596 2161 701 2249 quale
732 2162 849 2228 adhuc
880 2161 1068 2249 probatum
1101 2173 1155 2229 est
1186 2163 1371 2249 ingenium

195 2269 395 2351 convenit“,
425 2290 494 2336 non
525 2267 704 2356 probabile
729 2268 870 2336 videtur
898 2289 1009 2354 eoque
1037 2269 1155 2336 minus
1183 2269 1372 2356 probabile,

197 2376 291 2463 quod
321 2387 396 2443 tota
423 2377 460 2441 iu
485 2375 586 2447 Littii
616 2377 927 2462 argumentatione
950 2375 1037 2442 nihil
1060 2376 1163 2458 inest,
1192 2398 1262 2463 qno
1285 2376 1373 2443 haec

196 2483 376 2551 sententia
411 2483 649 2550 confirmetur.
696 2483 797 2567 Quae
830 2503 910 2549 cum
934 2484 984 2549 ita
1008 2482 1089 2566 siut,
1113 2483 1275 2570 equidem
1300 2505 1371 2550 nou

195 2589 334 2673 dubito,
359 2591 444 2677 quin
468 2588 659 2657 Suetonius
684 2589 852 2656 Macrobii
877 2599 1000 2656 auctor
1024 2590 1137 2657 luerit
1184 2590 1253 2674 Qui
1278 2590 1371 2677 quod

197 2696 336 2782 Lydum
368 2696 658 2783 Macrobiumque
688 2718 733 2762 ex
760 2718 833 2763 uuo
861 2697 1055 2784 eodemque
1084 2698 1181 2763 ionte
1211 2697 1373 2785 proximo

195 2805 303 2871 simul
327 2803 489 2870 hausisse
512 2803 614 2869 nobis
638 2804 849 2890 persuadere
872 2815 1029 2888 conatur,
1052 2804 1120 2870 hoc
1140 2824 1373 2891 praepropere

195 2910 366 2979 statuisse
401 2910 487 2977 mihi
522 2911 674 2977 videtur.
722 2914 763 2976 In
799 2910 868 2976 hoc
895 2911 991 2977 enim
1020 2921 1203 2994 concentu,
1231 2913 1372 2998 qualeni

196 3020 291 3085 iuter
312 3017 466 3103 'Lydum
503 3029 539 3084 et
575 3018 794 3084 Macrobium
829 3018 1137 3104 deprehendimus,
1161 3039 1224 3084 eae
1248 3030 1374 3087 extant

194 3125 469 3213 discrepantiae,
508 3124 637 3212 quibus
680 3135 867 3212 utrumque
905 3125 1181 3213 haudquaquam
1224 3125 1267 3192 ab
1301 3148 1373 3193 nuo

195 3235 393 3319 eodemque
417 3242 560 3299 auctore
583 3231 744 3319 proximo
767 3232 920 3318 pendere
944 3232 1220 3316 demonstretur,
1244 3233 1372 3300 deiude

181 3349 329 3406 vantem·
354 3339 485 3409 Littius
519 3338 555 3403 in
584 3337 799 3405 Macrobiani
823 3337 977 3405 auctoris
1000 3338 1277 3424 investigatione
1301 3361 1370 3406 non

195 3453 240 3538 sea
275 3467 366 3532 quae
402 3466 422 3510 a
458 3445 638 3512 Macrobio
672 3445 750 3531 ipso
777 3466 822 3510 ex
850 3444 927 3511 aliis
951 3444 1108 3512 lontibus
1135 3444 1268 3512 inserta
1296 3469 1372 3514 esse

197 3552 407 3638 Wissowa2)
437 3552 612 3628 ¹indicavit
648 3552 890 3620 additamenta
926 3553 1059 3618 exemit
1090 3574 1204 3638 neque
1232 3553 1373 3638 quando

198 3645 322 3746 ¹Lydus
350 3660 395 3725 ab
424 3659 494 3726 alio
522 3660 569 3725 ad·
596 3659 705 3726 alium
730 3660 864 3726 iontem
889 3659 1080 3727 deverterit
1102 3659 1292 3746 diligenter
1315 3660 1375 3738 ob,

195 3766 356 3834 servavit
389 3787 455 3834 nec
490 3766 579 3850 Lydi
616 3776 830 3852 argumenta
863 3765 907 3832 de
936 3787 1031 3833 anno
1060 3767 1303 3834 Romanorum
1328 3767 1373 3833 ab

107 3922 110 3928 .
196 3872 274 3939 eius
309 3874 352 3940 de
388 3872 442 3939 dis
479 3871 684 3959 deabusque
720 3872 861 3959 placitis
895 3872 1063 3939 adcurate
1097 3872 1255 3941 seiunxit
1276 3873 1374 3960 (vide

200 4163 203 4169 ,
309 4087 334 4174 1)
358 4094 398 4151 de
417 4091 564 4150 Suetonio
583 4063 725 4150 Varronis
748 4099 899 4150 sectatore
922 4091 991 4149 vide
1015 4109 1095 4169 quae
1115 4093 1232 4168 monuit
1246 4076 1373 4150 keruer!

196 4177 304 4241 scheid
327 4183 347 4242 l.
372 4199 398 4239 c.
421 4200 452 4257 p.
475 4180 550 4243 473.
573 4179 648 4248 475,
671 4181 710 4238 de
735 4175 840 4239 Verrio
865 4181 937 4238 ibid.
960 4200 990 4257 p.
1014 4179 1078 4252 449
1102 4183 1142 4240 al.

307 4301 335 4388 ²)
358 4308 377 4364 l.
400 4323 427 4364 c.
450 4325 480 4380 p.
506 4303 559 4373 10;
587 4306 634 4366 17.
709 4369 710 4374 .
763 4355 766 4360 .
