3318 5050
766 323 1009 395 ...ιαμ

427 529 578 612 Macrob.
596 538 707 625 112,n

297 667 431 736 Maium
440 664 831 751 Romulustertiumpo-

295 774 377 843 suit.
401 774 445 842 de
461 773 562 840 cuius
577 771 722 838 nomine
738 772 831 838 inter

296 891 458 949 auctores
481 881 554 946 lata
577 877 751 944 dissensio
767 888 828 944 est

297 1009 378 1056 nam
416 985 566 1053 Fulvius
601 983 764 1051 Nobilior
792 984 829 1049 in

298 1094 425 1177 Fastis,
453 1114 541 1181 quos
568 1094 604 1158 in
630 1091 717 1158 aede
742 1093 830 1157 Her-

297 1201 386 1270 culis
405 1200 584 1268 Musarum
610 1197 737 1287 posuit,
762 1200 831 1263 Ro·

298 1309 435 1376 mulum
489 1305 589 1389 dicit,
639 1314 829 1392 postquam

298 1414 472 1504 populum
495 1412 531 1478 in
554 1411 704 1479 maiores
719 1410 832 1476 iunio·

298 1543 424 1607 resque
468 1519 603 1603 divisit,
642 1529 683 1585 ut
721 1519 831 1585 altera

298 1649 380 1716 pars
408 1626 562 1709 consilio,
590 1627 700 1694 altera
724 1623 831 1692 armis

298 1725 372 1803 rem
396 1733 574 1821 publicam
599 1744 765 1815 tueretur,
794 1731 831 1796 in

298 1842 468 1908 honorem
505 1840 689 1927 utriusque
722 1837 832 1926 partis

298 1949 394 2015 hunc
434 1947 581 2030 Maium,
624 1955 832 2033 sequentem

299 2055 442 2123 Iunium
461 2075 617 2122 mensem
635 2073 790 2120 vocasse.

429 2713 581 2780 Macrob.
600 2706 711 2794 112,1⁸

302 2838 451 2925 Cingius
487 2857 643 2903 mensem
678 2833 836 2900 nomina-

304 2957 379 3013 tum
415 2953 519 3033 putat
543 2966 564 3009 a
589 2940 691 3024 Maia,
727 2961 833 3027 quam

304 3051 455 3122 Vulcani
482 3049 568 3116 dicit
591 3068 751 3130 uxorem,
787 3069 838 3112 ar·

304 3168 546 3246 gumentoque
586 3155 707 3237 utitur,
742 3152 836 3240 quod

303 3267 435 3332 flamen
445 3261 649 3331 Vulcanalis
663 3259 837 3327 Kalendis

306 3371 409 3439 Maiis
441 3369 525 3438 huic
559 3368 647 3435 deae
681 3389 755 3434 rem
788 3365 838 3432 di-

304 3479 424 3546 vinam
448 3476 543 3544 iacit.

435 3834 587 3902 Macrob.
606 3834 621 3898 1
637 3833 717 3913 12,ιο

306 3960 526 4030 contendunt
538 3957 597 4026 alii
610 3957 741 4023 Maiam
751 3954 838 4021 Mer·

306 4067 394 4136 curii
410 4076 559 4134 matrem
578 4064 693 4131 mensi
709 4084 839 4129 nomen

306 4175 453 4258 dedisse,
475 4171 560 4240 hinc
585 4169 740 4239 maxime
763 4190 840 4257 pto-

304 4282 443 4363 bantes‚
482 4279 575 4366 quod
613 4278 682 4344 hoc
719 4297 840 4343 mense

1101 538 1189 624 Lyd.
1208 541 1304 622 IV-‚Jo

939 688 973 751 p.
999 660 1099 746 127,2:
1139 661 1295 732 ieiunat
1324 655 1343 732 d
1382 666 1473 750 πίμ-

940 795 1035 852 πτος,
1054 767 1171 840 Μιίῖον
1181 771 1219 840 dd
1234 761 1335 838 αίτόν
1347 755 1380 838 oi
1395 763 1472 839 ‘Pm-

938 883 1033 963 μαῖαι
1058 878 1226 946 καλοῦσιν,

1104 1070 1189 1156 Lyd.
1207 1075 1302 1154 Ναί

940 1220 972 1285 p.
1003 1192 1123 1278 136,12:
1167 1188 1274 1276 οίίτως
1316 1187 1372 1264 οὖν
1413 1207 1472 1266 τοῦ

942 1303 1103 1388 πέμπτον
1141 1296 1247 1394 μηνὸς
1291 1301 1340 1384 είς
1377 1297 1474 1389 τιμὴν

940 1416 1001 1500 τῆς
1023 1408 1193 1499 γερουσίας
1221 1404 1312 1497 αρός
1333 1415 1392 1478 τοῦ
1413 1417 1475 1494 βα-

942 1517 1063 1597 σιλέως
1100 1514 1220 1602 Νουμᾶ
1258 1516 1475 1597 διατεθέντας

942 1621 994 1710 [οἱ
1013 1627 1107 1707 lvpo
1125 1631 1167 1710 (p.
1183 1619 1477 1712 127‚1s†127‚20)}

942 1721 1100 1798 ἐλείπετο
1134 1719 1201 1818 ίίρα
1233 1723 1291 1798 τὸν
1313 1731 1407 1797 ίκτον
1429 1728 1477 1810 είς

941 1832 1040 1928 τιμὴν
1063 1841 1122 1926 τῆς
1144 1835 1295 1917 νεολαίας
1322 1875 1357 1886 ·-
1377 1834 1476 1904 iouu-

943 1950 1030 2031 ὥρας
1075 1939 1137 2032 γὰρ
1176 1937 1254 2024 τοὺς
1301 1943 1477 2032 νεωτέρους

942 2053 1046 2141 φασίν
1075 2089 1114 2098 -
1142 2041 1339 2142 ὁρισθῆναι·
1374 2052 1476 2140 βουλῇ

942 2145 1004 2248 γιίρ
1031 2154 1193 2247 γερόντων
1220 2157 1276 2225 καί
1311 2156 1478 2246 νεωτέρων

943 2254 1077 2354 ἀνδρείᾳ
1128 2257 1222 2344 είκός
1263 2266 1477 2346 διοικεῖσθαι,

942 2362 988 2450 ὥς
1015 2393 1099 2461 φησι
1127 2367 1280 2453 Πλάτων,
1309 2363 1349 2437 τὸ
1377 2370 1479 2436 πολί-

942 2502 1053 2562 τεαμα.

1110 2709 1196 2792 Lyd.
1214 2711 1307 2792 Ναί

943 2856 975 2919 p.
1005 2829 1123 2916 127,21:
1162 2830 1193 2901 oi
1233 2832 1270 2901 δὲ
1308 2823 1382 2900 ἀπὸ
1420 2839 1482 2922 τῆς

946 2938 1064 3020 Μαίας
1104 2945 1166 3029 τῆς
1195 2928 1378 3020 ’Ἀτίαντος
1419 2946 1481 3031 τῆς

944 3036 1059 3168 Ἑρμοῦ
1087 3039 1251 3138 <noveio
1315 3037 1482 3128 ἅξιοῢντες

946 3159 1178 3244 ονομαοθῆναι
1190 3147 1249 3219 τὰν
1261 3151 1379 3222 Μοίϊον
1390 3148 1482 3241 πρὸς

946 3258 1059 3344 ἕτερον
1073 3259 1253 3345 βίίποντες
1265 3253 1351 3328 οὕτω
1363 3260 1478 3350 φασίν,

946 3355 1032 3433 ἄλλα
1065 3360 1132 3457 μὴν
1165 3367 1220 3435 καί
1248 3360 1304 3435 (ίιᾶ
1331 3360 1370 3434 τὸ
1394 3360 1482 3454 ἱερὸν

946 3465 1059 3562 aivis.
1095 3465 1146 3542 ὅτι
1174 3469 1260 3542 κατὰ
1282 3477 1400 3542 τοῦτον
1421 3467 1483 3540 τὸν

945 3583 1035 3666 μῆνα
1059 3576 1244 3672 ίερωθῆναι
1268 3581 1405 3670 λέγεται.

1109 4151 1347 4254 αγαινω
1491 4248 1493 4254 ¹

949 4298 980 4363 p.
1004 4272 1109 4358 132²:
1155 4261 1292 4376 ηίίχοντο
1321 4275 1360 4343 δὲ
1382 4273 1484 4363 Μαίᾳ
