3318 5050
664 409 882 478 -91..

190 627 235 694 de
251 627 318 693 hac
333 648 371 693 re
386 627 572 712 prolatae1)
588 625 863 712 haudquaquam
881 624 1088 712 probabiles,
1104 623 1165 691 sed
1178 616 1367 697 arcessitae

190 733 392 800 videantur.
445 731 609 818 Denique
644 753 728 799 vero
763 739 973 798 concentum
1010 731 1103 798 inter
1131 728 1365 797 Censorinum

193 838 492 926 Macrobiumque,
516 848 640 924 utpote
664 860 768 924 quern
788 837 954 904 Hahnius
979 835 1055 924 ipse
1075 836 1218 923 saepius
1235 829 1367 922 adgno

191 958 277 1031 scat,
300 958 349 1025 et,
360 944 615 1032 discrepantias
638 944 730 1016 inter
753 967 813 1011 eos
829 945 881 1011 ita
898 955 1036 1012 tanturn
1055 943 1230 1030 explicare
1246 935 1368 1034 possu-

193 1075 284 1136 mus,
306 1063 348 1120 ut
364 1039 595 1119 Censorinum
613 1051 702 1118 duas
719 1051 762 1117 de
778 1051 998 1138 temporibus
1022 1049 1281 1137 disputationes
1297 1049 1318 1115 i.
1336 1072 1364 1114 e.

192 1160 362 1243 Varronis
371 1169 408 1225 et
417 1157 577 1225 Suetonii
589 1157 626 1223 in
640 1179 751 1224 unum
764 1179 891 1245 corpus
902 1158 1164 1236 consarcinasse
1172 1179 1365 1226 sumamus.

192 1269 267 1341 lam
297 1266 353 1333 his
383 1266 426 1358 de
455 1264 570 1332 causis
596 1264 791 1348 Hahnium,
819 1264 920 1332 cuius
948 1267 993 1331 ad
1017 1264 1365 1348 argumentationem

191 1375 227 1446 in
246 1372 480 1460 sequentibus
491 1371 632 1458 saepius
648 1370 850 1455 redibimus,
875 1371 1013 1440 Weberi
1037 1371 1250 1444 sententiam
1267 1371 1367 1446 nullo

192 1501 273 1547 curn
304 1480 421 1548 lructu
451 1479 682 1565 impugnasse
710 1487 807 1565 puto.
855 1480 980 1564 Itaque
1009 1478 1103 1564 apud
1133 1477 1366 1544 Censorinum

193 1587 225 1653 ei
242 1586 320 1677 loci,
343 1585 471 1672 quibus
487 1587 681 1654 Varronem
699 1583 867 1670 sequitur,
888 1585 932 1650 ab
948 1584 999 1650 eis
1015 1583 1076 1671 qui
1093 1585 1137 1650 ad
1153 1584 1366 1657 Suetonium

190 1693 343 1760 redeunt
366 1712 525 1778 quosque
538 1691 708 1760 Webems
723 1701 818 1758 recte
835 1690 1045 1777 indicavit2),
1070 1691 1236 1758 adcurate
1253 1690 1368 1758 seiun-

193 1799 302 1884 gendi
324 1810 419 1894 suut
1121 1865 1123 1870 .

298 1925 417 2009 Atque
451 1922 495 1988 de
523 1919 636 1989 Solini
672 1921 813 2007 quidem
841 1921 1037 2006 lontibus&
1067 1923 1267 2010 Hahnius⁴)
1295 1943 1367 1990 non

191 2030 310 2097 minus
345 2029 435 2095 falso
467 2027 642 2095 iudicasse
677 2027 764 2094 mihi
800 2027 949 2110 videtur,
985 2049 1064 2094 cum
1094 2029 1206 2096 Soliui
1235 2031 1368 2098 Macro·

194 2137 314 2224 biique
338 2145 500 2203 auctores
524 2134 682 2201 diversos
706 2156 783 2200 esse
807 2135 922 2214 docet;
950 2157 1032 2200 nam
1058 2157 1250 2203 consensus
1275 2137 1369 2204 inter

194 2267 264 2328 eos,
303 2242 443 2311 etiamsi
478 2262 674 2329 perpaucae
709 2254 834 2309 extant
871 2243 1018 2308 minoris
1058 2245 1228 2310 momenti
1268 2242 1367 2310 dissi·

193 2350 422 2434 militudines,
455 2360 527 2416 tam
558 2349 768 2416 manifestus
796 2359 859 2430 est,
894 2360 934 2416 ut
962 2361 1153 2437 utrumque
1181 2352 1224 2416 ad
1254 2373 1366 2418 unum

196 2458 419 2544 eundemque
443 2467 622 2523 auctorem
647 2456 809 2522 recedere
833 2456 957 2542 negari
982 2467 1143 2543 nequeat

300 2582 464 2649 Ceterum
482 2580 572 2666 Lydi
595 2583 711 2647 tontes
732 2580 939 2666 indagaturi
964 2603 1102 2669 semper
1125 2584 1198 2649 iere
1222 2584 1265 2649 ad
1287 2583 1368 2650 illas

193 2690 348 2757 rationes
376 2688 469 2755 inter
497 2688 604 2754 hosce
633 2709 757 2754 omues
785 2697 947 2755 auctores
970 2689 1229 2757 intercedentes
1253 2691 1367 2758 redire

192 2789 323 2883 easque
366 2781 569 2862 adcuratius
613 2795 789 2882 explicare
831 2794 1050 2864 debebimus.
1106 2797 1175 2864 Sed
1220 2797 1255 2864 in
1299 2798 1369 2866 hac

193 2902 400 2990 quaestione
435 2902 479 2968 de
508 2901 599 2984 Lydi
635 2902 837 2968 auctoribus
870 2902 1089 2988 expedienda
1119 2905 1287 2971 Macrobii
1323 2905 1368 2972 de

193 3009 277 3077 anni
301 3008 449 3076 historia
478 3007 755 3095 disputationem
784 3009 821 3074 in
845 3008 916 3078 Sat
940 3009 1017 3076 libr.
1043 3005 1214 3095 112-16,
1242 3022 1368 3099 utpote

195 3139 265 3203 qua
293 3137 469 3203 nusquam
505 3115 762 3183 enarrationem
800 3115 995 3183 uberiorem
1032 3117 1266 3199 inveniamus,
1302 3141 1368 3205 pro

192 3226 282 3291 duce
294 3224 494 3290 habendam
505 3244 581 3289 esse
593 3244 728 3305 censeo,
745 3245 816 3310 quo
829 3223 956 3291 melius
966 3225 1167 3310 fragmenta
1182 3225 1367 3310 Lydianae

194 3332 238 3398 de
262 3352 355 3397 anno
380 3333 623 3396 Romanorum
647 3329 827 3396 doctrinae
851 3349 911 3416 per
936 3331 1043 3397 libros
1067 3334 1112 3415 lI,
1137 3334 1200 3416 III,
1225 3335 1276 3401 IV
1299 3333 1369 3400 dis·

192 3459 295 3525 persa
318 3437 411 3503 inter
434 3457 472 3504 se
496 3457 706 3522 componere
722 3436 908 3523 possimus.
955 3437 1094 3522 Quibus
1111 3459 1155 3504 ex
1172 3440 1257 3506 locis
1274 3462 1367 3507 com·

193 3543 359 3632 parandis
375 3543 437 3610 illa
453 3564 565 3631 pauca
582 3538 825 3610 additamenta
838 3566 859 3609 a
872 3543 1048 3611 Macrobio
1062 3568 1105 3611 ex
1118 3546 1197 3628 aliis
1208 3547 1369 3615 fontibus

192 3653 334 3735 inserta,
369 3673 483 3739 quae,¹
505 3661 545 3718 ut
572 3651 775 3738 Wissowa⁵)
804 3663 898 3719 recte
933 3652 991 3736 ait,
1025 3653 1160 3720 nullam
1195 3655 1369 3741 praebent

193 3779 315 3826 ansam
333 3757 369 3824 in
386 3757 540 3825 auctoris
556 3757 843 3843 investigatione,
860 3768 944 3825 ante
959 3759 1147 3826 eximenda
1163 3771 1256 3844 sunt,
1273 3763 1367 3847 quod

192 3923 406 3931 ..n-...m-

305 4029 542 4106 blcpffi·
1106 4057 1149 4104 .“

302 4117 547 4200 θιαμῶ.
1107 4151 1108 4154 ’

288 4207 327 4280 a)
350 4209 382 4268 ln
405 4209 524 4268 collect.
549 4226 604 4267 rer.
620 4211 788 4268 memorab.
812 4204 875 4292 (ed.
891 4204 1048 4291 Momms.)
1069 4210 1117 4288 15
1133 4210 1275 4276 34-47.

301 4291 329 4463 :l
348 4298 371 4444 l:
391 4314 421 4445 ἒς
440 4317 473 4462 ξς
489 4295 587 4447 ῗὲ.’“·
