3294 5056
632 387 853 456 ..53-

263 604 457 690 Quaerenti
470 625 555 672 vero
571 604 628 671 cui
645 604 772 672 debeat
787 605 921 672 auctori
937 603 1058 689 Lydus
1071 605 1179 672 haece
1191 605 1335 693 placita,

149 711 288 778 nemini
319 711 465 779 dubium
495 712 569 777 fore
597 721 694 798 puto,
724 711 810 799 quin
833 711 952 778 omnia
975 734 1020 777 ex
1043 733 1114 778 uno
1138 711 1335 799 eodemque

154 820 254 885 fonte
266 818 446 886 fluxerint.
470 817 529 887 Ex
541 827 713 884 concentu
727 828 847 885 autern
860 839 965 905 quem
978 818 1070 884 inter
1078 818 1218 903 Lydum
1230 819 1328 902 111,12

150 937 191 992 et
198 924 377 992 Plutarchi
390 925 507 1016 capita
520 921 621 1008 11,25;
634 921 734 1008 11,28;
749 921 836 1006 11,31
849 925 920 991 iam
936 924 1166 1014 Schultzius1)
1176 925 1335 993 animad-

153 1033 327 1117 vertebat,
349 1031 410 1110 illa
431 1031 594 1116 Lydiana
618 1031 725 1098 verba
749 1031 974 1098 ePlutarcho
998 1031 1172 1118 exscripta
1195 1054 1273 1099 esse
1297 1045 1333 1100 et

152 1138 371 1226 ubicumque
394 1148 583 1205 contextus
607 1138 797 1222 differrent,
826 1137 917 1223 Lydi
941 1138 1191 1225 epitomatores
1214 1141 1272 1205 vel
1295 1139 1335 1206 li·

152 1244 289 1311 brarios
314 1245 455 1332 culpam
480 1245 656 1311 sustinere
680 1244 740 1311 ille
763 1244 895 1312 docuit.
942 1245 1030 1311 Inde
1054 1254 1173 1312 autem
1198 1245 1334 1332 reliqua

149 1351 275 1418 omnia
305 1351 597 1439 philosophorum
626 1351 756 1439 placita
785 1375 804 1418 e
829 1352 1017 1419 Plutarcho
1046 1352 1235 1440 desumpta
1256 1375 1333 1419 esse

151 1458 364 1541 efficeretur,
389 1458 458 1524 nisi
482 1456 566 1524 huic
581 1458 740 1544 opinioni
757 1458 938 1525 obstarent
953 1458 1192 1526 difficultates.
1239 1462 1332 1526 Nam

151 1565 244 1631 haec
272 1566 403 1651 placita
431 1587 522 1652 quae
555 1586 641 1630 sane
672 1564 849 1632 Plutarchi
878 1587 1008 1631 nomen
1036 1587 1120 1653 prae
1149 1587 1186 1632 se
1214 1567 1334 1633 ferunt

151 1683 193 1737 et
228 1671 293 1738 sub
329 1671 453 1738 titulo:
489 1671 568 1760 περὶ
604 1677 669 1738 τῶν
705 1659 910 1757 ἅρεσκόιτωι
944 1669 1151 1761 φιλοσόφοις,
1187 1679 1334 1764 φυσικῶν

150 1775 331 1867 δογμάτων
359 1772 505 1867 increpui
534 1778 578 1844 ad
607 1800 672 1843 nos
700 1789 947 1863 pervenerunt,
981 1779 1069 1844 falso
1098 1779 1231 1846 tributa
1256 1781 1334 1846 Plu·

153 1884 279 1951 tarcho
316 1895 351 1950 et
379 1907 423 1950 ex
453 1883 679 1971 amplissimis
708 1884 802 1950 nerii
835 1883 1038 1972 philosophi
1069 1885 1168 1951 libris
1202 1885 1331 1953 hausta

151 1992 424 2079 compositaque
462 2013 539 2057 esse
579 1993 809 2057 Hermannus
851 1991 950 2057 Diels
989 1991 1135 2078 egregie
1174 1992 1336 2079 docuit.²)

150 2097 330 2182 Quisnam
356 2119 441 2165 vero
463 2098 570 2164 fuerit
592 2097 668 2184 ipse
691 2097 798 2164 huius
822 2097 1022 2184 compendii
1043 2098 1333 2187 philosophorum

150 2203 288 2292 placita
323 2203 476 2291 amplexi
512 2215 634 2271 auctor
671 2225 812 2292 quoque
847 2213 1007 2290 tempore
1041 2227 1104 2293 per
1140 2206 1333 2292 epitomam

150 2311 411 2398 comprehensa
427 2311 474 2378 sit
490 2311 825 2395 doctrinauetiana,
842 2311 987 2378 omnino
1007 2312 1125 2379 adhuc
1141 2313 1331 2380 obscurum

152 2429 220 2485 est
277 2419 393 2503 Quam
433 2418 477 2484 ad
512 2439 588 2485 rem
622 2416 900 2504 pernoscendam
938 2418 1059 2503 Lydus
1099 2419 1187 2486 nihil
1223 2420 1336 2505 affert,

153 2525 289 2613 quippe
313 2525 373 2612 qui
398 2523 551 2591 auctoris
574 2546 703 2591 nomen
720 2546 860 2612 semper
875 2524 1084 2592 dissimulet.
1124 2529 1200 2593 Nec
1216 2527 1334 2594 minus

155 2631 302 2698 difficile
319 2645 374 2699 est
389 2632 433 2697 ad
450 2631 727 2714 diiudicandum,
744 2642 862 2698 utrum
876 2634 1028 2698 Ioannes
1046 2655 1131 2700 usus
1148 2633 1195 2699 sit
1211 2634 1334 2700 eadem

154 2761 265 2825 quam
293 2761 388 2806 nunc
415 2739 452 2804 in
483 2739 648 2805 manibus
676 2739 849 2805 habemus
879 2738 973 2805 Adtii
1002 2739 1157 2825 epitoma
1191 2762 1236 2807 an
1265 2741 1335 2807 alio

154 2846 236 2912 eius
265 2844 470 2935 exemplari;
507 2866 590 2911 nam
619 2845 791 2912 nonnulla
818 2856 911 2930 sunt,
940 2867 1030 2932 quae
1058 2846 1126 2912 hoc
1153 2847 1335 2917 suadeant.

158 2952 303 3024 Etenim
327 2952 420 3019 inter
444 2953 628 3039 utriusque
652 2951 832 3039 scriptoris
849 2953 966 3036 verba,
990 2953 1055 3020 etsi
1071 2953 1108 3018 in
1127 2953 1333 3022 universum

154 3059 374 3127 adverbum
400 3081 505 3147 saepe
529 3058 741 3146 conspirant,
765 3069 884 3126 tamen
908 3060 1100 3126 nonnullae
1125 3070 1250 3127 extant
1265 3061 1336 3127 dis·

155 3165 374 3252 crepantiae3
399 3165 491 3250 Lydi
515 3165 696 3252 exemplar
719 3165 906 3251 permultis
930 3165 1015 3232 locis
1039 3188 1110 3233 non
1135 3167 1239 3233 modo
1263 3189 1335 3235 non

153 3273 391 3356 decurtatum,
415 3271 477 3338 sed
502 3272 609 3340 etiam
635 3294 706 3339 uno
731 3270 835 3360 [lV,sa
862 3269 1056 3362 (p.134‚1⁶)]
1079 3273 1335 3360 amplificatum

154 3391 228 3462 est;
252 3379 346 3466 quod
369 3388 489 3445 utrum
507 3379 629 3463 Lydus
653 3377 697 3445 de
720 3378 794 3445 suis
819 3377 992 3445 addiderit
1016 3401 1061 3445 an
1086 3380 1230 3446 aliunde
1251 3381 1337 3467 peti·

162 3485 265 3569 verit,
288 3485 324 3551 in
340 3484 475 3552 incerto
491 3485 594 3552 nobis
610 3484 881 3573 relinquendum
899 3495 960 3552 est
1001 3487 1199 3552 Praeterea
1216 3497 1336 3554 autem

154 3613 232 3660 non
259 3614 339 3658 raro
368 3604 544 3659 mutatam
574 3613 650 3659 esse
678 3590 935 3659 sententiarum
964 3591 1090 3659 seriem
1122 3603 1158 3660 et
1182 3604 1235 3661 tot
1258 3616 1339 3666 con..

155 3711 281 3766 textus
316 3698 571 3786 discrepantias
608 3698 760 3764 inveniri
789 3698 961 3782 videmuS,
989 3711 1030 3766 ut
1058 3721 1122 3766 nec
1152 3701 1243 3785 Lydi
1272 3723 1338 3770 nec

154 3806 237 3873 eius
260 3806 481 3872 librariorum
506 3805 610 3893 culpa
625 3805 700 3872 sola
717 3805 877 3871 excusari
893 3805 1041 3893 possint.
1088 3808 1189 3891 Quae
1209 3807 1341 3892 omnia,

154 3913 367 4001 praesertim
392 3933 473 3979 cum
495 3910 634 3996 Lydum
659 3913 765 3978 anxie
787 3911 958 3999 pressisse
980 3923 1165 3981 auctorum
1183 3913 1341 4000 vestigia

153 4041 266 4107 supra
289 4018 660 4103 demonstraverimus,
684 4019 734 4086 ita
756 4028 895 4088 tantum
914 4018 1115 4106 explicabis,
1139 4030 1180 4088 ut
1194 4021 1336 4105 Lydum

269 4180 297 4350 :3
318 4186 452 4348 ΙῙ)οιι.οξῐ
466 4183 516 4350 {15
525 4293 556 4350 p.
572 4273 628 4342 48;
644 4282 804 4350 praeterea
820 4274 962 4352 inspicias
977 4275 1013 4333 R.
1026 4275 1206 4348 Volkmann,
1222 4275 1339 4343 Labeo,

154 4362 308 4422 Schriften
332 4364 394 4421 und
415 4363 607 4438 Philosophie
632 4363 686 4421 des
702 4363 840 4422 Plutarch
862 4381 921 4422 von
937 4361 1117 4423 Chaeronea
1139 4363 1199 4441 Ip.
1216 4362 1276 4424 154
1294 4383 1338 4440 sq.
