3318 5050
651 374 873 444 ..αμ-

172 591 267 660 litari
288 612 361 661 non
383 589 528 662 dubitat
550 589 830 660 sententiasmon
848 613 870 659 a
885 591 1017 680 seipso
1032 592 1262 678 excogitatas,
1286 593 1350 660 sed·

172 718 224 766 exv
246 698 325 767 aliis
348 695 509 768 veterum
533 708 719 766 auctorum
741 699 881 787 scriptis
905 710 1066 787 sumptas
1084 699 1349 787 :se··protulisse,

172 805 226 873 sic
247 806 389 874 locutus
411 804 448 872 in
467 807 536 889 ·lI,r
563 805 613 894 (p.
628 801 735 894 18,ν)εἼ
748 799 811 874 ὅσα
834 829 872 896 ya
896 797 1136 895 vipelcdavrdr
1154 797 1353 892 Ῥωμαὶνῶν

173 909 618 1006 λσνοριῶνζπαρειλήφαμεν.
657 913 758 998 Quae
782 933 870 980 cum>
886 911 936 980 ita
952 912 1036 997 sint,-
1050 911 1347 980 hiRomanornrn

173 1031 338 1089 auctores
361 1041 511 1109 quorum
536 1019 843 1108 vestigiapressit
865 1020 968 1087 nohis
991 1021 1183 1108 quaerendi
1206 1031 1299 1087 sunt.
1331 1057 1333 1062 ·

195 1143 197 1167 ³
281 1127 353 1195 Sed
392 1127 429 1194 in
469 1127 538 1194 hac
554 1145 556 1151 ’
571 1127 616 1195 de
644 1127 855 1195 'auctoribus
889 1126 1096 1216 quaestione
1130 1126 1365 1215 expedienda.

177 1235 302 1320 Lydus
334 1233 614 1322 ipsesnusquam
647 1235 719 1302 lere
742 1245 880 1302 certam
907 1233 1018 1308 nobis¹
1039 1235 1185 1322 praebet
1211 1255 1351 1317 ansam,-

173 1340 236 1407 ille
248 1337 354 1424 enim,
366 1342 433 1409 etsi
446 1343 565 1410 omnia
577 1356 820 1430 quaecumque
834 1363 879 1408 ex
892 1344 1133 1410 Romanorum
1146 1341 1349 1410 auctoribus

176 1448 317 1516 haurire
344 1449 464 1537 potnit
492 1471 530 1517 se
557 1449 595 1515 in
622 1449 755 1515 medio·
767 1448 929 1536 posuisse
961 1447 1123 1530 simulat,
1151 1459 1270 1516 tamen
1293 1448 1356 1514 his

174 1555 263 1642 ipsis
286 1557 374 1623 locis
395 1556 525 1642 ¹quibus
548 1557 633 1623 anni
657 1555 840 1622 historiam
866 1555 1092 1642 amplectitur
1112 1564 1250 1643 praeter
1266 1558 1352 1624 Var-

175 1648 301 1730 ronem
325 1663 514 1731 neminem
534 1664 606 1730 lere
630 1681 755 1730 eorum
785 1663 955 1745 nominat,
983 1664 1044 1750 qui
1070 1663 1195 1732 ,eodem
1228 1664 1272 1729 d'e
1300 1685 1352 1730 aa

177 1775 352 1856 gumento
382 1769 609 1858 disputarunt
641 1769 744 1858 eique
778 1791 850 1836 non
883 1769 998 1857 pauci.
1028 1773 1175 1856 ltaque
1203 1770 1351 1837 tortasse

174 1877 353 1965 quispiam
377 1877 506 1945 dixerit
529 1877 619 1962 Lydi
646 1877 904 1965 expositionem
928 1877 973 1942 de
996 1877 1080 1943 anni
1102 1877 1252 1944 historia
1276 1877 1352 1944 uni·

176 1979 329 2066 versam*
357 2005 407 2050 ex
425 1985 594 2053 Varronis
627 1985 874 2070 antiquitatum
901 1984 1131 2050 humanarum
1145 1983 1262 2067 libris,
1290 1985 1352 2071 qui

176 2091 314 2178 copiam
348 2090 517 2158 materiae
544 2092 590 2158 ad
626 2091 889 2178 compilandam
927 2089 1075 2158 idoneae
1114 2091 1146 2157 ei
1185 2090 1353 2178 praebere

176 2208 382 2285 potuerunt,
409 2209 665 2287 comportatum
695 2219 782 2265 esse.
829 2200 878 2265 At
907 2198 1030 2283 Lydus
1053 2198 1222 2265 Varronis
1245 2198 1352 2265 libros

175 2325 215 2370 se
239 2299 323 2371 ante
345 2306 466 2372 oculos
490 2327 561 2373 non
579 2305 749 2373 habuisse
764 2306 841 2393 ipse
858 2314 1008 2372 testatur
1028 2305 1066 2372 in
1083 2306 1125 2370 de
1146 2327 1234 2391 mag.
1253 2307 1350 2389 Ill,rr

176 2417 222 2498 (p.
239 2409 368 2495 167,rrl,
392 2412 451 2480 ubi
477 2422 545 2480 est:
570 2404 616 2492 ὡς
640 2411 862 2492 Φενεστέλλας
883 2411 939 2479 καὶ
957 2412 1116 2492 Σισέννας
1138 2409 1171 2478 ολ
1193 2405 1355 2498 Ῥωμαῖοί

177 2523 293 2608 φασιν,
319 2507 365 2586 ὧν
386 2512 449 2599 τὰς
470 2519 608 2609 χρήσεις
619 2512 642 2586 ’ὁ
655 2517 800 2608 ’Βάρρων
822 2516 911 2610 [ἐπὶ]
926 2524 992 2586 τῶν
1008 2509 1236 2606 ἀνθρωπίνων
1251 2543 1355 2609 apuy-

176 2623 294 2710 ’μάτων
310 2617 498 2718 ἀνήγαγεν·
527 2620 605 2716 [ἐγὼ
628 2620 762 2716 δὲτὰς]
784 2625 920 2712 βίβλους
942 2617 1045 2693 οὔπω·
1064 2626 1240 2711 radiarent,
1263 2646 1354 2712 quae

177 2733 288 2799 uerba
299 2761 302 2770 ’
312 2753 394 2800 cum
411 2734 597 2801 Krahnero
621 2743 657 2800 et
668 2732 838 2814 Kahli01)
854 2733 905 2800 ita
919 2733 1096 2821 explicare
1112 2734 1291 2819 debemus,
1314 2739 1355 2802 u't

176 2860 250 2906 non
279 2835 385 2906 modo
411 2841 631 2908 Fenestellae
660 2850 696 2907 et
723 2840 905 2924 Sisennae,
932 2840 993 2908 sed
1017 2840 1187 2909 Varronis
1215 2863 1355 2928 quoque

177 2946 566 3034 libros'antiquitatum
600 2949 831 3014 humanarum
859 2969 904 3015 -se
928 2947 1123 3035 inspexisse
1136 2960 1266 3035 neget.
1313 2949 1354 3014 Id

178 3063 299 3120 autem
331 3075 409 3121 non*
433 3053 562 3122 mirum
593 3064 661 3137 est}
693 3075 775 3121 nam
804 3054 1018 3142 Gruppius²l
1050 3055 1126 3121 iure
1158 3056 1356 3142 meritoque

178 3161 303 3228 docuit
330 3161 508 3229 -Varronis
542 3161 660 3244 libros,
694 3157 844 3247 quoda
879 3161 996 3228 medio
1029 3162 1184 3229 secundo
1212 3164 1355 3229 saeculo

180 3267 368 3353 scriptores
381 3269 498 3355 magis
512 3268 700 3355 magisque
709 3265 922 3354 compilandi
933 3268 1355 3355 excerpendiquemunu‘s

179 3374 400 3461 susciperent
424 3384 460 3441 et
482 3375 519 3441 in
537 3374 680 3441 Reatini
704 3374 844 3461 scriptis
868 3374 1106 3441 exscribendis
1122 3386 1357 3458 versarentur,

180 3492 406 3575 praemature
445 3482 541 3569 ipsos
580 3469 771 3574 deperisse.¹
826 3482 911 3566 Qua
941 3482 984 3548 de
1019 3503 1126 3574 causa
1161 3485 1356 3574 Varronem

178 3572 308 3675 ipsum
332 3610 404 3654 non
440 3587 549 3654 luisse
583 3579 673 3673 Lydi
710 3599 889 3676 auctorem
920 3583 1060 3656 videtur
1088 3585 1188 3676 mihi
1205 3590 1355 3678 probari,

180 3693 304 3760 Nihilo
327 3704 447 3761 autem
472 3695 590 3761 minus
613 3694 855 3763 Varronianae
878 3694 1060 3762 doctrinae
1084 3695 1237 3792 vestigia
1253 3696 1297 3762 ab
1313 3677 1356 3763 eo

293 3946 318 4032 ¹)
341 3950 375 4007 L.
397 3949 545 4018 Krahner,
573 3951 613 4008 de
642 3951 684 4008 M.
705 3951 776 4008 Ter.
800 3937 942 4010 Varronis
965 3951 1134 4028 antiquitat.
1156 3970 1213 4010 rer.
1230 3954 1359 4026 ¹human.

181 4047 218 4114 et.
236 4039 433 4116 diviqzlibria
456 4038 533 4114 XLI.
556 4039 625 4096 Hal.
648 4039 717 4099 Sar.
743 4039 827 4102 1834
850 4059 881 4118 p.
904 4039 961 4108 29;
985 4040 1070 4099 Kahl
1093 4040 1124 4098 in
1140 4039 1284 4117 Philolpgi
1299 4042 1358 4099 vol.

156 4130 279 4204 suppl.
304 4127 330 4183 V
354 4147 383 4203 p.
407 4127 471 4189 746
495 4135 558 4186 not
581 4127 638 4196 733
663 4130 740 4187 haec
763 4130 865 4214 verba,
888 4137 922 4187 nt
941 4131 1060 4206 opinor,
1082 4148 1143 4197 non
1166 4119 1250 4201 recte
1266 4130 1358 4212 interf

181 4223 319 4291 pretatur
343 4225 391 4274 ert
411 4217 435 4279 1.
459 4217 507 4280 Fr.
531 4218 669 4276 Schultze
692 4219 712 4276 1.
735 4235 762 4276 c.
784 4238 815 4296 p.
838 4217 880 4280 35
905 4236 950 4294 sq.
1040 4261 1045 4268 -
1345 4217 1347 4223 ⁸

292 4340 319 4416 ²>
341 4341 371 4398 in
395 4350 559 4400 comment.
583 4344 613 4398 in
637 4344 743 4402 honor.
765 4344 822 4401 Th.
846 4345 1028 4403 Mommreoi
1051 4365 1081 4420 p.
1104 4303 1168 4404 545
1188 4351 1242 4419 'aqa-
