3294 5056
346 745 409 830 De
435 745 611 830 lontlum
639 745 804 830 delectu
832 767 858 828 a
885 743 1001 852 Lydo
1029 743 1184 828 habito.
1223 835 1225 843 Α

287 906 355 975 His
379 907 484 975 certis
507 905 671 976 instructi
694 905 870 992 subsidiis,
893 925 984 995 quae
1004 905 1198 973 maximam
1215 915 1354 994 partem

178 1013 351 1100 Lydianis
373 1013 460 1082 locis
477 1035 556 1081 cum
575 1013 653 1081 aliis
669 1011 920 1101 superstitibus
936 1013 1149 1101 comparatis
1165 1021 1244 1082 orta
1259 1024 1353 1096 sunt,

176 1121 388 1188 accedamus
401 1120 446 1187 ad
459 1120 565 1188 aliam
578 1121 822 1208 quaestionem
833 1119 1050 1204 solvendam,
1063 1121 1179 1208 quales
1191 1121 1354 1209 cuiusque

169 1229 314 1315 generis
334 1230 457 1315 fontes
491 1228 639 1294 Ioannes
674 1228 714 1294 in
740 1226 942 1294 universum
964 1226 1156 1293 adhibuisse
1177 1227 1351 1298 videaturr

177 1355 244 1402 nec
278 1334 465 1422 qnisquam
501 1355 632 1419 eorum,
668 1333 728 1422 qni
763 1333 800 1400 in
834 1331 925 1419 Lydi
958 1334 1115 1402 lontibus
1138 1333 1352 1420 indagandis

177 1452 376 1526 versantur,
391 1440 494 1510 laeile
506 1440 543 1508 in
556 1441 815 1510 dubitationem
827 1441 977 1520 vocabit
993 1441 1078 1527 qnin
1090 1441 1179 1508 haec
1190 1441 1353 1530 quaestio

176 1570 261 1616 cum
296 1549 366 1616 alia
401 1546 579 1616 artissime
602 1549 799 1631 cohaereat,
822 1554 941 1614 utrum
963 1549 1081 1635 Lydus
1097 1553 1284 1635 permultos
1305 1571 1352 1613 an

168 1663 301 1742 paucos
326 1661 479 1722 auctores
506 1655 543 1722 in
566 1678 667 1722 usum
690 1656 898 1724 converterit.
945 1657 1022 1723 lam
1045 1677 1153 1744 supra
1176 1655 1271 1723 enim
1295 1677 1353 1722 ex-

176 1763 363 1849 posuimus
379 1763 520 1848 Lydum
538 1785 610 1830 non
627 1785 688 1830 eos
703 1783 827 1830 omnes
843 1761 974 1850 legisse
987 1763 1184 1850 scriptores,
1200 1784 1351 1850 qnorum

178 1869 342 1937 notitiam
357 1891 443 1957 prae
458 1870 607 1953 scierat,
623 1870 685 1937 sed
697 1892 743 1937 ex
755 1870 834 1937 aliis
845 1869 1058 1938 subduxisse
1069 1871 1245 1957 permulta
1258 1869 1352 1939 testi·

177 1975 309 2063 monia,
344 1998 493 2065 quornm
528 1985 712 2044 anctorum
748 1976 892 2045 nomina
926 1978 1002 2066 ipse
1036 1987 1210 2065 quantum
1233 1986 1354 2066 potest

174 2081 402 2151 dissimulare
425 2083 555 2152 studet.

287 2191 368 2276 Qua
391 2191 428 2257 in
452 2212 490 2257 re
514 2190 731 2278 exploranda
753 2189 895 2258 initium
920 2191 1020 2258 nobis
1044 2213 1121 2258 esse
1140 2191 1351 2280 capiendum

175 2307 267 2384 puto
300 2297 345 2363 ab
380 2287 456 2364 eius
491 2317 561 2384 qna
596 2297 719 2382 Lydus
752 2297 820 2364 init
854 2297 981 2364 aetatis
1009 2297 1138 2381 indole;
1166 2319 1249 2365 nam
1274 2308 1350 2365 tum

175 2405 305 2492 ipsum,
330 2424 410 2472 cnm
434 2403 471 2471 in
495 2414 645 2492 utraque
668 2403 892 2492 antiquitatis
910 2413 1017 2492 gente
1033 2405 1172 2472 litterae
1188 2405 1350 2473 deflores-

177 2513 315 2596 cebant,
350 2511 536 2579 hominnm
571 2511 790 2579 eruditorum
826 2533 910 2579 cura
944 2513 1060 2599 magis
1093 2511 1280 2600 magisque
1313 2513 1351 2582 in

172 2618 393 2705 compilandi
402 2618 683 2707 excerpendiqne
693 2639 839 2686 munere
848 2619 1132 2703 versarisolebat,
1142 2630 1350 2688 utveterum

175 2725 359 2793 doctrinae
393 2724 537 2794 divitias
568 2725 758 2812 diligenter
786 2735 1019 2813 congererent
1045 2726 1083 2793 in
1111 2727 1350 2816 amplissimos

173 2831 295 2918 libros,
330 2854 418 2920 qnos
453 2832 641 2921 scriptores
674 2841 792 2900 aetate
827 2831 1009 2901 inferiores
1043 2833 1160 2901 denuo
1184 2835 1350 2903 insnum

176 2960 284 3007 nsum
324 2940 581 3006 convertebant
620 2938 807 3026 denuoque
845 2939 1097 3027 compilabant,
1136 2941 1351 3028 exemplaria

173 3046 284 3113 modo
313 3046 574 3133 amplificantes
601 3047 707 3114 modo
733 3056 932 3114 resecantes
960 3046 1066 3135 idque
1095 3059 1286 3135 tantopere,
1310 3062 1352 3117 ut

174 3154 215 3222 in
244 3153 311 3221 hac
334 3152 513 3239 farragine
536 3152 730 3241 primorum
754 3174 946 3239 eorumque
968 3155 1182 3241 optimorum
1206 3156 1351 3245 scripto-

172 3283 256 3329 rum
281 3281 387 3348 opera
402 3259 465 3328 vix
480 3259 552 3328 iam
567 3259 879 3347 adgnoscerentur.
918 3261 998 3346 Quo
1014 3262 1118 3328 modo
1134 3263 1266 3330 lactum
1287 3273 1350 3348 est,

175 3379 220 3436 nt
242 3367 387 3456 singula
410 3387 471 3454 per
495 3366 636 3434 saecula
658 3366 696 3433 in
719 3366 883 3434 omnibns
907 3365 980 3435 iere
1001 3367 1199 3437 litterarum
1215 3371 1350 3459 campis
1402 3443 1405 3450 ,

171 3496 285 3562 opera
295 3473 499 3543 conlectieia
509 3484 812 3562 componerentur,
821 3495 971 3562 quorum
978 3496 1092 3564 panca
1100 3477 1350 3564 plusminusve

176 3581 346 3650 mutilata
367 3579 406 3647 in
421 3600 550 3648 manus
565 3589 705 3649 nostras
721 3595 968 3668 pervenerunt.
1014 3584 1184 3650 Attamen
1201 3605 1242 3652 ea
1259 3606 1349 3673 quac

173 3698 333 3756 aetatem
357 3709 429 3754 non
453 3687 612 3755 tulerunt
635 3675 707 3755 non
724 3697 799 3755 tota
814 3686 993 3757 oblivione
1008 3690 1135 3759 obruta
1150 3702 1243 3776 sunt,
1267 3713 1349 3761 cum

174 3816 302 3862 eorum
327 3793 481 3881 vestigia
503 3793 541 3860 in
565 3792 686 3861 multis
709 3794 850 3862 serioris
867 3795 1034 3888 temporis
1050 3797 1215 3885 operibus
1231 3819 1350 3888 snper·

176 3901 324 3971 stitibns
340 3900 580 3970 inveniantur.
615 3903 733 3988 Atque
749 3901 891 3987 scholia,
906 3902 1029 3988 lexica,
1044 3904 1176 3993 scripta
1191 3905 1349 3975 miscella

173 4009 224 4076 ad
247 4007 517 4077 conscribendos
540 4006 648 4075 libros
673 4007 753 4096 περὶ
777 3998 885 4097 ἀρχῶν
906 4014 967 4098 τῆς
988 3999 1160 4096 Ῥωμαίων
1176 4011 1352 4095 πολιτείας

172 4115 366 4203 inscriptos
402 4136 423 4183 a
458 4114 560 4199 Lydo
595 4113 754 4183 adhibita
777 4136 854 4182 esse
887 4125 927 4184 ut
950 4115 1034 4185 olim
1057 4118 1263 4204 Schultzeu,
1298 4119 1350 4188 sic

290 4301 356 4374 ¹)1.
380 4318 407 4360 c.
429 4318 461 4376 p.
488 4297 527 4359 13
550 4298 593 4377 (p.
618 4297 684 4376 29).
