3318 5050
771 335 991 404 -78...

854 554 916 620 4c.

405 695 476 764 Sed
503 695 574 761 iam
604 694 792 761 dicendum
821 693 887 762 erit
915 695 959 762 de
982 694 1163 761 nonnullis
1187 693 1265 762 aliis
1288 694 1384 777 locis,
1412 695 1473 783 qui

298 802 344 870 ad
375 823 481 889 opera
505 801 718 884 conlecticia,
751 810 875 888 utpote
904 822 995 890 quae
1017 821 1135 868 rerum
1159 821 1299 887 quoque
1321 802 1476 888 explica·

299 909 414 976 tiones
437 908 563 975 Ioanni
587 907 814 995 suppeditare
841 908 1000 995 potuisse
1027 917 1164 996 pateat,
1192 907 1280 974 mihi
1308 907 1477 975 videntur

300 1015 473 1082 referendi
506 1036 593 1084 esse.
641 1013 742 1085 Licet
772 1013 866 1081 enim
899 1014 1107 1102 compilator
1129 1014 1206 1101 ipse
1229 1035 1399 1102 persaepe
1420 1014 1474 1081 eis

298 1122 385 1210 ipsis
413 1122 722 1190 commentationis
750 1121 837 1188 locis
866 1121 994 1209 quibus
1023 1142 1094 1187 non
1124 1131 1370 1207 exspectamus
1399 1143 1479 1208 per-

299 1231 431 1296 multas
466 1229 703 1316 digressiones
732 1227 965 1295 immiscuerit
992 1238 1028 1295 et
1055 1227 1123 1294 hoc
1153 1227 1258 1294 modo
1286 1227 1474 1316 multiplici

299 1336 469 1422 variaque
492 1336 600 1402 luisse
616 1335 780 1403 videatur
795 1334 963 1417 doctrina,
988 1343 1116 1417 tamen,
1140 1345 1181 1400 ut
1196 1334 1329 1421 opinor,
1345 1334 1472 1401 harum

300 1442 500 1509 fabularum
537 1443 736 1524 materiam,
775 1463 864 1528 quas
897 1462 1065 1507 enarrans
1100 1443 1292 1507 multorum
1329 1441 1474 1508 testium

301 1549 513 1616 auctoritate
540 1571 578 1616 se
608 1558 736 1631 tuetur,
765 1571 836 1614 non
861 1548 937 1635 ipse
960 1547 1078 1635 potuit
1101 1547 1288 1633 conligere,
1316 1549 1376 1613 sed
1401 1547 1473 1614 iam

301 1666 557 1743 comportatam
573 1655 852 1742 dispositamque
867 1654 904 1721 in
921 1654 1157 1721 conlectaneis
1171 1653 1337 1740 repperit.
1372 1655 1478 1738 Quis·

301 1782 384 1827 nam
409 1771 471 1843 est,
503 1761 563 1849 qui
592 1761 658 1827 sibi
687 1761 899 1849 persuadeat
923 1760 1073 1844 Lydum,
1101 1760 1232 1848 quippe
1259 1760 1381 1847 quiin
1406 1759 1477 1828 hoc

300 1869 432 1954 scripto
458 1868 502 1934 de
530 1868 710 1934 mensibus
738 1888 844 1954 agere
872 1867 909 1932 in
938 1866 1057 1932 animo
1081 1866 1252 1950 habuerit,
1276 1869 1477 1953 complures

301 1997 390 2061 quos
422 1974 465 2040 de
497 1996 568 2040 una
598 1997 635 2040 re
668 1975 866 2042 consuleret
896 1986 1058 2040 auctores
1086 1973 1214 2039 adiisse
1242 1974 1477 2061 singulosque

301 2080 503 2168 perlegisse,
537 2081 742 2168 praesertim
778 2079 806 2147 si
840 2080 938 2166 quid,
969 2081 1065 2168 quod
1099 2101 1170 2146 non
1202 2080 1396 2166 pertineret
1428 2083 1473 2147 ad

300 2189 414 2275 ipsam
438 2210 512 2255 rem
538 2189 763 2275 propositam,
788 2188 1049 2256 narrationibus
1072 2189 1262 2254 insereret?

408 2317 444 2396 α)
479 2314 537 2383 Ex
570 2313 743 2380 eiusmodi
780 2313 957 2400 florilegio
986 2313 1197 2398 exscriptam
1235 2334 1310 2380 esse
1339 2314 1477 2381 conicio

303 2421 568 2508 paragraphum
592 2422 711 2503 IV,1o⁷,
744 2421 802 2486 ubi
831 2421 875 2487 de
898 2420 1015 2487 causis
1039 2441 1101 2486 cur
1124 2420 1230 2487 Nilus
1253 2421 1386 2486 flumen
1411 2443 1475 2509 per

302 2538 471 2594 aestatem
489 2527 707 2594 intumescat
727 2527 909 2594 fabulatur
924 2528 1011 2594 etin
1029 2530 1221 2594 multorum
1240 2539 1477 2615 veterumque

303 2643 485 2700 auctorum
519 2633 705 2700 sententiis
729 2656 767 2700 se
791 2633 910 2702 iactat.
958 2637 1077 2700 Hasce
1101 2645 1219 2701 autem
1245 2634 1477 2720 quaestiones

301 2762 321 2805 a
333 2739 511 2807 veteribus
522 2761 692 2827 persaepe
704 2740 888 2807 institutas
900 2762 977 2807 esse
990 2740 1216 2826 cognoscitur
1229 2763 1274 2806 ex
1286 2751 1472 2808 auctorum

300 2847 426 2931 indice,
455 2867 559 2933 quem
584 2849 731 2933 praebet
756 2849 985 2914 Hermannus
1009 2846 1146 2934 Die1s1).
1194 2847 1266 2914 Hic
1289 2847 1477 2932 Lydianus

303 2974 473 3020 excursus
505 2965 577 3019 tam
610 2954 778 3021 adcurate
802 2953 978 3020 consentit
1001 2975 1081 3020 cum
1105 2954 1240 3022 Seneca
1262 2954 1301 3020 in
1325 2955 1471 3040 Quaest.

301 3062 384 3127 Nat.
402 3063 461 3143 IV
473 3057 494 3125 2
519 3058 596 3142 §17
609 3082 668 3148 sq,
699 3071 739 3128 ut
762 3060 903 3146 Lydum
937 3060 1038 3127 illum
1071 3082 1092 3126 a
1117 3060 1232 3127 verbis
1257 3061 1416 3152 περὶτῆς
1439 3063 1479 3130 ἐν

301 3166 460 3255 bipctsp.
476 3164 542 3233 144
544 3171 593 3250 ,ul
609 3168 654 3233 ad
671 3159 898 3235 δαπανᾶταιῗ
879 3162 949 3234 υπὸ
970 3172 1028 3233 τοῦ
1044 3164 1209 3254 πυρόςρ
1171 3167 1217 3254 (p.
1236 3163 1300 3232 146
1301 3167 1339 3255 a)
1364 3179 1477 3235 trans·

302 3273 426 3340 tulisse
458 3274 573 3360 primo
607 3273 735 3341 obtutu
760 3275 944 3362 adpareat;
976 3295 1059 3339 nam
1084 3295 1154 3339 non
1179 3274 1284 3340 modo
1308 3275 1413 3342 rebus
1438 3287 1476 3344 et

301 3380 429 3464 verbis,
452 3381 513 3448 sed
538 3390 721 3447 auctorum
747 3402 886 3468 quoque
909 3379 1138 3446 nominibus
1129 3401 1165 3445 m
1182 3380 1250 3446 hac
1265 3391 1366 3467 parte
1380 3382 1478 3448 iuter

301 3509 339 3552 se
363 3487 581 3575 conspirant;
607 3497 716 3555 testes
739 3497 824 3554 sunt
846 3487 897 3553 hi:

299 3647 391 3732 Lyd.
405 3649 466 3731 IV,
472 3672 515 3714 ror
532 3652 577 3735 (p.
583 3645 823 3736 ltus-ltus)
875 3649 955 3717 Sen.
950 3699 967 3732 .,
981 3649 1126 3733 Quaest.
1139 3650 1222 3714 Nat.
1236 3652 1297 3732 IV,
1309 3646 1477 3738 2§17sq

474 3765 572 3854 ’Λναξ
554 3770 693 3861 ξαγόρας
714 3772 763 3861 (ρ.
787 3772 904 3857 144,12)
1080 3774 1313 3859 Anaxagoras

474 3877 650 4077 iiiiii
722 4011 764 4092 (Ρ
789 4003 853 4070 144
854 4009 912 4088 μ)
1099 3881 1298 4074 iiiiii?

476 4082 664 4184 Εὗριπίδης
1068 4041 1078 4189 Ι
1101 4093 1289 4180 Euripides

295 4234 515 4250 §mun——

413 4288 438 4376 ¹)
465 4295 653 4373 Doxograph.
677 4315 717 4372 gr.
740 4317 769 4372 p.
788 4295 904 4372 2262q.

1636 3059 1640 3346 l

1637 4181 1640 4480 l
