3294 5056
624 381 844 450 -154-

158 592 229 667 εἶτα
259 589 391 689 ἡμερῶν,
428 592 499 666 εἶτα
527 595 730 685 ἑβδομάδων,
760 595 883 666 ἔπειτα
909 601 1029 688 μηνῶν,
1065 588 1135 663 εἶτα
1162 593 1325 678 ἐνιαυτῶν,

156 707 288 773 ἐκεῖθεν
309 711 438 795 καιρῶν,
462 705 517 773 καὶ
533 700 572 772 τὸ
593 699 715 773 λοιπόν
734 703 871 788 αἰώνων,
888 704 909 770 i.
928 727 956 772 e.
973 704 1150 791 profectus
1174 724 1195 768 a
1218 724 1328 790 parva

155 812 323 900 temporis
353 822 455 900 parte
485 813 518 898 [a
541 813 610 899 die]
633 812 858 900 progreditur
882 811 925 878 ad
950 810 1118 878 maiorem
1144 807 1326 898 [mensem]

157 928 264 1008 atque
286 920 478 987 maximam
505 918 661 1009 [annum
691 928 841 1007 tempus,
870 919 1009 1004 aevum]
1035 927 1071 984 et
1093 917 1175 984 inde
1197 916 1330 984 recedit

157 1027 202 1094 ad
226 1027 399 1094 minorem
424 1024 608 1115 [mensem]
633 1036 740 1115 atque
763 1025 948 1093 minimam
970 1024 1142 1112 [singulos
1159 1025 1330 1112 cuiusque

159 1135 291 1201 mensis
314 1134 411 1220 dies].

265 1387 371 1453 Hanc
393 1407 478 1453 vero
501 1384 742 1472 dispositionis
766 1383 1078 1472 investigationem
1096 1384 1329 1452 necessariam

158 1492 269 1560 fuisse
307 1493 507 1579 intelleges,
545 1493 574 1559 si
614 1514 683 1579 qua
718 1492 932 1580 compilandi
965 1492 1102 1560 ratione
1137 1492 1259 1577 Lydus
1294 1492 1330 1558 in

160 1599 313 1686 singulis
347 1599 446 1666 libris
481 1621 567 1667 usus
602 1599 657 1684 sit,
695 1621 791 1666 nunc
829 1600 1011 1667 nobiscum
1043 1621 1190 1687 quaeres
1225 1599 1331 1687 idque

163 1706 333 1795 inprimis,
361 1708 503 1794 quando
532 1707 576 1774 ab
605 1706 674 1773 alio
703 1708 747 1774 ad
771 1707 880 1774 alium
905 1707 1038 1774 fontem
1062 1707 1122 1773 ille
1146 1707 1331 1774 deflectere

163 1813 336 1882 videatur.
383 1816 461 1880 Iam
489 1814 527 1880 in
555 1813 610 1881 his
633 1813 739 1881 rebus
763 1814 997 1882 diiudicandis
1021 1836 1111 1900 quae
1133 1813 1287 1881 rationes
1312 1835 1332 1879 a

160 1920 261 1988 nobis
285 1920 527 1989 observandae
551 1921 631 2006 sint,
655 1921 837 1988 nonnullis
861 1921 917 1988 usi
941 1922 1111 2008 exemplis
1136 1922 1222 1989 satis
1236 1921 1333 1988 lucu-

158 2026 266 2095 lentis
290 2027 581 2095 demonstremus.

272 2138 313 2200 In
331 2139 390 2220 II,2
409 2135 540 2220 Lydus,
564 2145 605 2203 ut
625 2157 732 2223 supra
747 2135 911 2220 diximus,
929 2136 972 2202 de
988 2134 1206 2204 diversarum
1223 2135 1335 2204 natio·

167 2264 253 2309 num
271 2243 328 2309 die
345 2242 439 2310 civili
457 2243 536 2309 fuse
550 2243 690 2310 locutus
705 2243 904 2330 Aegyptios
922 2243 1174 2330 Hebraeosque
1190 2243 1237 2332 (p.
1254 2240 1334 2332 19,2)

165 2350 258 2416 diem
282 2372 303 2417 a
326 2372 473 2438 vespere
496 2350 706 2438 incipientes
730 2351 775 2417 ad
799 2359 1004 2438 sequentem
1021 2372 1208 2438 vesperum
1226 2351 1335 2417 adnu-

162 2478 316 2524 merasse
359 2466 569 2546 noctemque
616 2478 696 2525 cum
736 2458 793 2524 die
830 2457 998 2526 veniente
1036 2457 1260 2526 coniunxisse
1300 2467 1336 2525 et

162 2574 349 2652 propterea
372 2575 511 2632 noctem
536 2565 695 2632 omnium
718 2587 835 2632 rerum
859 2575 1009 2634 matrem
1031 2565 1335 2653 acosmographis

163 2671 382 2740 nominatam
407 2694 483 2739 esse
506 2673 668 2760 explicat
714 2672 839 2741 Noctis
863 2683 983 2740 autem
1007 2695 1137 2740 nomen
1154 2673 1271 2757 efficit,
1295 2682 1336 2740 ut

165 2783 341 2851 Latonam
366 2801 442 2847 esse
466 2789 605 2847 noctem
630 2789 666 2847 et
689 2780 733 2846 ab
757 2803 799 2847 ea
824 2779 976 2847 Dianam
1001 2790 1108 2868 atque
1135 2781 1336 2868 Apollinem

169 2887 310 2973 genitos
339 2908 414 2954 esse
443 2885 576 2972 doceat,
604 2887 840 2973 mythicornm
869 2887 1079 2955 auctoritate
1111 2887 1222 2955 nisus.
1259 2890 1336 2954 Iam

166 3015 252 3062 vero
286 2993 422 3060 dierum
457 2993 590 3061 indices
626 3016 714 3081 quos
750 2994 872 3080 Lydus
906 2995 975 3061 hoc
1008 2995 1086 3062 loco
1118 2995 1265 3082 praebet
1292 2995 1336 3061 ad

166 3108 346 3167 auctorem
363 3101 424 3188 qui
440 3101 484 3168 de
499 3101 602 3168 fastis
618 3101 759 3189 scripsit
774 3100 886 3168 redire
902 3102 992 3169 infra
1008 3102 1337 3169 demonstrabimus.

168 3209 273 3274 Hanc
308 3216 427 3274 autem
462 3207 505 3275 de
542 3212 680 3281 Latona
715 3209 952 3276 narrationem
985 3231 1057 3276 non
1092 3232 1135 3276 ex
1171 3208 1259 3276 libro
1293 3209 1337 3276 ad

167 3315 277 3381 fastos
301 3313 499 3401 pertinente
522 3315 669 3383 fluxisse
692 3316 768 3384 veri
792 3315 981 3384 admodum
1000 3315 1114 3383 simile
1130 3325 1192 3400 est,
1216 3316 1277 3383 sed
1294 3338 1338 3382 ex

168 3445 210 3488 eo
233 3430 385 3507 auctore,
408 3422 465 3489 cui
488 3422 751 3510 disquisitiones
775 3423 1042 3510 mythologicas,
1066 3445 1153 3512 quas
1176 3423 1236 3490 ille
1252 3423 1338 3490 satis

168 3528 299 3595 multas
338 3529 452 3615 affert,
491 3539 653 3618 acceptas
691 3529 839 3618 refert¹)3
877 3531 913 3596 id
945 3539 1096 3597 testatur
1127 3552 1198 3597 non
1233 3530 1338 3597 modo

169 3634 406 3721 mythicornm
440 3637 631 3706 auctoritas
661 3659 731 3724 qua
758 3638 880 3722 Lydus
908 3659 946 3705 se
975 3647 1108 3723 tuetur,
1143 3639 1204 3705 sed
1232 3639 1338 3705 etiam

170 3743 264 3830 quod
292 3743 445 3811 nominis
465 3732 621 3833 ’Ἄρτεμις
646 3744 739 3811 idem
771 3744 1003 3832 veriloquium
1032 3742 1148 3833 (οἱονεὶ
1172 3735 1341 3836 ἆερότεμιν

169 3873 201 3937 p.
216 3847 313 3938 luo)
324 3850 483 3918 defendit
498 3852 592 3938 qnod
603 3860 639 3919 et
650 3850 849 3918 Macrobius
861 3850 949 3940 (Sat.
964 3849 1190 3937 115,20=V11
1205 3851 1340 3940 16,2⁷).²)

250 3960 380 4043 ¹Quae
411 3979 498 4025 cum.
521 3957 572 4025 ita
601 3958 686 4044 sint,
719 3960 859 4043 Lydum
887 3981 942 4026 res
971 3983 990 4026 e
1016 3959 1154 4027 duobus
1183 3960 1340 4027 fontibus

284 4105 307 4184 ¹)
330 4124 390 4182 qno
416 4106 454 4164 de
478 4109 546 4164 loco
572 4107 609 4164 cs.
632 4107 678 4169 Fr.
702 4107 843 4177 Bdrtzleu
866 4103 1053 4183 Porphyrins’
1070 4109 1178 4168 Schrist
1200 4127 1258 4167 von
1282 4108 1341 4166 den

171 4196 409 4263 Gotterbildern‚
434 4196 503 4254 diss.
519 4195 637 4272 Erlang.
657 4195 740 4256 1903
755 4215 785 4273 p.
803 4195 859 4264 63;
877 4196 981 4254 videas
997 4198 1089 4256 etiam
1106 4199 1182 4256 infra
1201 4198 1219 4274 ξ,
1243 4197 1297 4268 3a.
1384 4213 1391 4232 ’

281 4279 309 4366 ²)
333 4287 371 4342 de
387 4285 535 4342 Macrobii
557 4285 809 4362 disputationibus
824 4287 1002 4362 theologicis
1019 4287 1055 4351 cf.
1074 4287 1111 4345 G.
1127 4288 1278 4355 Wissowa‚
1293 4287 1341 4344 De

170 4374 322 4433 Macrobii
331 4372 569 4434 saturnaliorum
582 4375 714 4433 fontibus
724 4376 825 4454 capita
833 4375 897 4444 tria,
911 4376 979 4434 diss.
989 4377 1108 4434 Vratisl.
1120 4376 1203 4437 1880
1213 4375 1342 4456 p.35sq.
