3318 5050
635 343 788 414 -107
835 384 876 396 -

813 560 886 650 oivp
933 561 1127 647 ἐστεμμέναι
1172 564 1239 629 κτλ.
1286 563 1343 650 (cl.

812 669 889 735 iast
920 670 1108 751 Praenest3
1136 668 1240 736 Ovid.
1265 667 1343 737 lasti

813 775 871 842 lib.
897 770 1025 842 1v133
1050 775 1125 862 sq.).

280 991 476 1078 Utriusque
500 989 690 1056 commenti
715 990 968 1077 explicationes
992 1010 1063 1054 nou
1089 998 1162 1054 tam
1184 988 1344 1056 diversae

172 1110 265 1181 sunt,
299 1108 340 1164 ut
375 1120 394 1164 e
428 1096 577 1165 diversis
613 1097 816 1163 auctoribus
851 1097 999 1163 fluxisse
1033 1096 1236 1173 videantur;
1261 1119 1342 1163 uam

175 1205 268 1292 apud
293 1225 517 1271 communem
547 1213 724 1271 auctorem
751 1206 865 1271 multo
889 1204 1117 1294 pluraquam
1146 1204 1346 1270 Macrobius

173 1312 318 1398 praebet
352 1323 514 1378 enarrata
549 1332 626 1377 esse
651 1312 705 1376 vel
741 1311 824 1377 iude
850 1312 1004 1398 adparet,
1028 1311 1120 1397 quod
1144 1311 1205 1378 ille
1228 1311 1264 1377 in
1289 1333 1346 1377 ex-

174 1431 285 1486 trema
301 1419 369 1485 hac
389 1421 615 1506 paragrapho
631 1419 719 1484 haec
736 1418 834 1485 addit
851 1418 972 1485 verba:
1000 1419 1119 1502 „cuius
1135 1417 1189 1483 rei
1200 1441 1344 1492 causam,

175 1527 254 1612 qma
277 1527 356 1591 hut'c
379 1527 447 1591 loco
469 1548 539 1590 non
556 1527 722 1599 convenit,
740 1526 1029 1612 praetereundum
1046 1531 1126 1594 este.
1168 1524 1207 1590 id
1225 1536 1344 1592 autem

172 1632 223 1700 ita
248 1643 386 1700 tantum
412 1633 579 1719 explicari
604 1642 729 1720 potest,
754 1642 794 1698 ut
819 1631 1035 1698 Macrobium
1055 1631 1130 1698 lilio
1146 1653 1263 1719 puero,
1288 1632 1344 1698 cui

175 1741 240 1806 hos
275 1740 559 1830 Saturnaliorum
599 1738 706 1806 libros
744 1738 897 1820 dedicat,
936 1739 1038 1823 plura
1074 1761 1215 1805 narrare
1251 1760 1345 1806 vere-

175 1846 367 1913 cundatum
398 1868 474 1913 esse
503 1847 730 1928 sumamns¹)‚
778 1846 899 1929 Lydus
924 1867 1017 1927 vero,
1041 1845 1102 1932 qui
1128 1844 1346 1913 Macrobiani

174 1953 328 2020 auctoris
352 1953 547 2020 doctrinam
574 1953 716 2019 uberius
740 1953 776 2017 in
801 1951 917 2017 medio
940 1952 1049 2038 ponit,
1074 1961 1257 2038 propterea
1274 1974 1344 2019 non

175 2061 251 2146 ipse
274 2060 472 2147 inspexisse
492 2069 610 2147 potest
627 2058 794 2125 Macrobii
812 2059 956 2142 iontem,
974 2060 1065 2145 quod
1086 2059 1197 2126 Verrii
1216 2081 1344 2126 nomen

174 2169 310 2236 reticet.
359 2170 457 2233 Idem
482 2178 600 2233 autem
627 2166 852 2253 cognoscitur
869 2166 1082 2253 comparatis
1098 2167 1184 2233 loeis
1201 2168 1244 2233 ad
1262 2167 1345 2234 Maii

174 2275 306 2341 mensis
330 2273 524 2360 veriloquia
549 2273 822 2359 pertinentibus;
846 2294 929 2338 nam
954 2273 1018 2338 etsi
1036 2273 1070 2338 in
1090 2285 1239 2361 utroque
1255 2296 1346 2341 com·

175 2392 296 2447 mento
332 2384 513 2446 Romanos
552 2380 647 2447 huuc
685 2399 842 2446 mensem
880 2379 1083 2446 nominasse
1118 2404 1137 2446 e
1172 2381 1344 2446 maiorum

175 2489 309 2554 honore
333 2488 490 2570 refertur,
515 2497 633 2553 tamen
658 2510 678 2552 a
703 2486 927 2552 Macrobiana
950 2485 1110 2554 doctrina
1134 2489 1256 2572 Lydus
1280 2487 1347 2553 dis-

177 2594 278 2678 cedit,
312 2606 435 2681 utpote
465 2594 524 2680 qui
554 2617 574 2659 a
605 2596 731 2676 Numa,
761 2594 822 2658 sed
853 2614 922 2661 non
953 2615 972 2658 a
1002 2594 1155 2660 Romulo
1183 2595 1345 2680 quintum

176 2723 333 2767 mensem
360 2701 396 2766 in
420 2702 613 2768 senectutis
637 2701 815 2786 honorem,
840 2713 980 2770 sextum
1003 2703 1038 2768 in
1056 2703 1252 2768 iuventutis
1270 2724 1348 2768 con·

176 2807 341 2875 stitutum
366 2828 443 2874 esse
458 2808 584 2874 doceat
600 2808 789 2895 Fulviique
805 2832 934 2876 nomen
952 2811 1129 2895 neglegat
1176 2809 1346 2877 Eiusdem

177 2925 295 2980 autem
321 2913 531 2980 auctoritate
556 2914 681 2980 nititur
698 2916 910 2982 Censorinus
932 2917 969 2982 iu
985 2914 1052 2998 aas
1078 2929 1112 2982 et
1128 2917 1217 2982 haec
1232 2917 1345 2983 aliert:

175 3021 369 3107 ,proximos
392 3021 476 3085 duos
497 3022 559 3106 (sc.
583 3020 738 3107 menses)
761 3045 782 3086 a
800 3025 936 3108 populo,
959 3025 1096 3088 Mariam
1119 3045 1140 3086 a
1165 3022 1349 3088 maioribus

177 3133 273 3209 natu,
297 3127 443 3192 Iunium
466 3149 487 3192 a
511 3127 734 3193 ium'oribus“.
780 3129 918 3196 Similia
942 3139 1061 3196 autem
1087 3130 1170 3197 certi
1194 3130 1347 3196 auctoris

178 3234 319 3312 nomine
354 3254 542 3320 suppresso
579 3233 735 3300 isidorus
768 3258 909 3322 quoque
945 3249 1078 3302 narrat:
1113 3237 1202 3310 „alii
1233 3242 1346 3302 autem

176 3342 267 3406 sicut
279 3343 414 3406 Maium
428 3349 494 3427 pro
510 3341 706 3414 maioribus,
725 3342 775 3406 ita
785 3350 850 3427 pro
866 3343 1060 3407 iunioribus
1075 3343 1220 3407 Iunium.
1235 3345 1352 3408 vocari

179 3449 377 3514 deseruntx‘
422 3446 489 3514 Sed
514 3468 586 3513 non
603 3449 708 3513 modo
731 3448 776 3513 de
792 3449 858 3514 hac
873 3449 1100 3532 derivatione,
1125 3449 1186 3515 sed
1210 3451 1254 3516 de
1278 3451 1348 3516 alia

178 3576 327 3642 quoque,
356 3553 530 3641 quamde
555 3554 639 3620 Maii
664 3555 806 3620 nomine
831 3556 1021 3641 proterunt,
1050 3578 1171 3621 omues
1194 3555 1286 3623 iuter
1310 3579 1348 3623 se

178 3661 404 3727 concinentes
445 3661 573 3726 docent
611 3661 743 3727 Maium
788 3684 943 3728 mensem
986 3674 1170 3750 propterea
1203 3685 1223 3728 a
1254 3663 1347 3729 Maia

179 3768 396 3854 appellatum
432 3787 522 3847 esse,
558 3768 651 3853 quod
688 3791 729 3833 eo
764 3770 847 3834 huic
875 3770 961 3834 deae
998 3792 1052 3835 res
1086 3769 1208 3835 diviua
1247 3771 1349 3837 lieret

179 3874 233 3958 [ci.
259 3871 411 3940 Macrob.
440 3876 455 3938 I
484 3870 614 3957 12,rs.m
644 3897 722 3940 cum
747 3876 848 3959 Lydo
877 3872 1228 3962 1V,⁷⁶(p.128,2)†
1253 3879 1347 3961 IV,so

178 3980 225 4066 (p.
242 3977 362 4066 132,r);
382 3981 484 4046 Cens.
501 3977 602 4064 22,12;
620 3981 702 4046 Isid.
721 3983 822 4066 IV,³].
869 3983 966 4066 Quas
984 3983 1237 4070 explicationes
1255 3985 1348 4051 unde

179 4086 301 4172 Lydus
330 4086 546 4173 surripuerit,
577 4087 669 4156 iuter
698 4087 791 4154 viros
820 4089 941 4156 doctos
970 4089 1176 4158 iamdudum
1202 4102 1256 4158 est
1279 4113 1350 4157 cer·

290 4307 314 4385 ¹)
339 4307 376 4365 cl.
400 4308 579 4367 Merkelium
604 4311 633 4367 in
661 4313 773 4386 proleg.
801 4311 839 4368 ad
864 4311 964 4368 Ovidii
993 4311 1085 4370 fastos
1109 4301 1348 4387 p.'cxxxvl1.
