3294 5056
791 335 1012 404 ,23-

313 561 442 640 paucos
453 552 526 638 ipse
537 551 731 635 tractavit,“
750 554 968 639 porroquc¹):
983 553 1065 627 „Ex
1076 553 1241 625 ducentas,
1258 573 1346 638 quos
1361 553 1494 636 laudat,

321 681 365 725 nc
388 658 548 724 deminum
573 658 709 746 quidem
727 664 865 745 purtem
889 679 970 726 eum
994 658 1134 746 legisse,
1158 658 1278 726 nullus
1302 658 1494 743 dubito.“²)

427 784 529 867 Quae
552 803 633 849 cum
653 782 704 849 ita
720 781 801 867 sint,
826 782 855 849 si
872 783 938 849 has
953 782 1138 850 homiuum
1156 783 1339 850 doctorum
1355 793 1495 851 senten-

325 889 392 958 tias
410 897 592 977 tantopere
608 888 700 956 inter
715 909 753 956 se
768 900 1019 977 repugnantes,
1036 910 1251 977 quamquam
1265 889 1494 958 Schultziana

319 995 439 1085 opinio
462 996 656 1063 secundum
679 995 821 1063 illorum
843 1005 1041 1084 temporum
1059 997 1329 1084 compilatorum
1346 996 1493 1078 studia³l

321 1125 385 1192 pro
414 1102 489 1170 veri
516 1101 696 1169 simillima
723 1102 887 1169 habenda
916 1110 984 1186 est,
1013 1101 1286 1190 perpendemus,
1314 1102 1391 1170 iieri
1421 1124 1493 1170 non

319 1209 459 1298 poterit,
475 1209 562 1298 quin
578 1208 878 1297 quemadmodum
896 1209 1018 1294 Lydus
1034 1209 1072 1275 in
1089 1217 1274 1278 auctorum
1290 1209 1495 1277 laudatione

320 1325 481 1384 versetur
508 1314 741 1403 inquiramus.
793 1315 835 1381 Id
864 1325 983 1382 autem
1012 1324 1208 1382 monstrare
1236 1315 1441 1402 poterimus,
1465 1314 1493 1382 si

323 1421 503 1490 nonnullis
535 1422 590 1489 usi
621 1421 811 1490 luculentis
845 1421 1032 1510 exemplis,
1068 1420 1164 1489 unde
1196 1422 1256 1489 illa
1290 1423 1493 1490 testimonia

320 1530 427 1597 ducta
443 1528 524 1614 sint,
548 1528 793 1596 indicabimus.
839 1529 1000 1614 Quorum
1025 1528 1180 1617 primum
1203 1530 1271 1595 hoc
1291 1528 1328 1595 in
1345 1551 1493 1596 examen

319 1631 498 1720 vocemus,
534 1635 627 1725 quod
663 1635 785 1721 Lydus
819 1635 856 1702 in
881 1639 938 1721 I,14
968 1636 1013 1703 de
1043 1638 1179 1703 Romae
1206 1635 1303 1703 urbis
1331 1635 1494 1704 conditae

320 1752 479 1831 tempore
502 1743 605 1810 docet
627 1742 832 1830 conspirans
856 1764 938 1810 cum
959 1742 1077 1810 Solino
1099 1742 1161 1810 illo
1184 1742 1403 1829 polyhistore
1419 1745 1445 1828 I,
1453 1739 1493 1809 18

320 1849 388 1940 (ed.
412 1849 597 1934 Momms.);
621 1849 682 1917 ubi
705 1849 773 1917 hoc
795 1850 965 1938 scripturn
991 1849 1168 1918 videmus:

385 2009 473 2096 Lyd·
499 2012 555 2094 lut
581 2008 776 2098 (p8‚s-1r)·

317 2126 484 2263 Pwpriiqc
495 2136 533 2205 δὲ
544 2129 694 2218 κτιζει
656 2162 716 2226 την
725 2127 853 2227 Ρώμην

316 2250 358 2335 τῇ
391 2239 461 2332 πρὸ
490 2246 649 2331 deuersoria
676 2244 853 2312 Καλενδῶν

317 2353 447 2436 Μαΐου,
485 2399 795 2420 .........
831 2341 852 2441 ἦ

318 2458 356 2528 δὲ
398 2451 465 2546 ὥρα
506 2463 566 2548 τῆς
607 2450 802 2538 πόλεως
783 2449 852 2547 ὥρα

318 2565 453 2694 dumique
467 2560 539 2653 πρὸ
551 2563 673 2655 τρίτης,
693 2556 744 2644 ὥς
760 2571 853 2651 Ταρ-

318 2670 507 2762 ρούτιος
539 2663 557 2740 d
587 2678 853 2763 μαθηματι-

317 2775 387 2860 κὸς
431 2777 719 2870 κατεστήριξεν,
766 2771 852 2858 Διὸς

317 2887 379 2973 μὲν
414 2884 539 2973 ἰχθύσι,
573 2883 698 2975 Κρόνου
725 2885 761 2954 δὲ
794 2884 852 2952 καὶ

317 2984 531 3085 ’Λφροδίτης
558 2992 615 3060 καὶ
636 2981 767 3083 ’Ἄρεος
793 2990 852 3060 καὶ

316 3091 437 3190 Ἑρμοῦ
467 3098 635 3190 Σκορπίῳ,
663 3091 784 3168 Ἡλίου
815 3101 852 3170 δὲ

323 3204 439 3297 Ταύρῳ
477 3207 533 3275 καὶ
568 3205 712 3299 Σελήνης
745 3212 851 3298 Ζυγῷ.

430 3530 455 3617 ¹)
478 3537 498 3598 l.
523 3554 548 3597 c.
572 3554 603 3611 p.
630 3533 686 3596 l&

1121 2009 1231 2079 Solin.
1249 2013 1276 2095 I,
1283 2007 1334 2079 18.

961 2135 1010 2202 ibi
1019 2136 1194 2202 Romulus
1205 2135 1422 2222 mansitavit,
1434 2136 1494 2225 qui

961 2242 1144 2329 auspicato
1167 2263 1348 2310 murorum
1372 2244 1495 2311 tunda-

962 2357 1084 2416 menta
1126 2348 1210 2417 iecit
1246 2350 1494 2438 duodeviginti

961 2464 1066 2523 natus
1101 2477 1221 2541 annos,
1255 2460 1309 2524 XI
1335 2459 1379 2526 K.
1405 2458 1493 2543 Mai,
1616 2511 1617 2522 i

961 2564 1049 2629 hora
1079 2573 1161 2650 post
1189 2564 1380 2632 secundam
1411 2576 1494 2632 ante

961 2669 1158 2756 tertiam,'si
1168 2679 1239 2738 cut
1255 2674 1295 2744 L.
1309 2670 1494 2740 Tarruti·

961 2783 1041 2862 us⁴)
1095 2778 1286 2866 prodidit
1341 2781 1495 2848 mathe-

960 2885 1207 2953 maticorum
1246 2885 1493 2972 nobilissimus,

961 2995 1047 3060 Iove
1078 2992 1116 3059 in
1145 2993 1312 3080 piscibus,
1342 2993 1494 3062 Saturno
1615 2997 1616 3032 ἒ

960 3101 1097 3167 Venere
1122 3103 1236 3166 Marte
1259 3102 1434 3169 Mercurio
1457 3103 1493 3168 in

960 3207 1158 3294 scorpione,
1196 3208 1280 3276 Sole
1314 3207 1352 3274 in
1383 3218 1494 3294 tauro,

960 3315 1065 3386 Luna
1097 3313 1135 3411 in
1167 3313 1256 3380 libra
1279 3315 1493 3383 constitutis.

426 3638 454 3725 2)
477 3643 617 3700 Schultaii
646 3641 821 3718 opinionem
845 3639 945 3700 Christ
979 3641 1009 3698 iu
1045 3642 1112 3700 hist.
1136 3643 1190 3704 litt
1219 3643 1351 3702 Graec.⁴
1373 3665 1405 3722 p.
1429 3644 1492 3708 830

321 3731 464 3808 sequitur.

427 3836 451 3914 ³)
476 3837 513 3897 cf.
536 3839 620 3914 qnod
636 3837 786 3896 Wissowa
803 3837 842 3894 de
858 3837 1016 3896 Macrobio
1034 3837 1127 3896 docet
1141 3838 1172 3896 in
1188 3839 1271 3898 diss:
1289 3840 1328 3898 de
1344 3841 1493 3902 Macrobii
1613 3833 1614 3854 ³

320 3927 557 3988 saturnaliorum
581 3927 712 3985 fontibus
736 3927 838 4002 capita
860 3926 927 4000 tria,
953 3926 1071 3989 Vratisl.
1101 3925 1184 3988 1880
1208 3928 1270 4004 μθ
1294 3947 1339 4006 sq.

426 4030 454 4115 ⁴)
477 4035 507 4092 in
530 4036 589 4093 hoe
612 4035 733 4092 nomine
758 4033 912 4092 afferendo
935 4033 1082 4092 fluctuant
1101 4033 1246 4094 Soliniaui
1269 4037 1393 4097 codices
1417 4039 1494 4098 inter

317 4124 519 4197 Tarruntium,
553 4123 753 4191 Tarrantium,
787 4123 994 4191 Tamncium,·
1007 4124 1187 4193 Arruntium,
1215 4125 1406 4196 Terentium
1443 4145 1492 4187 me

319 4220 422 4273 autem
445 4219 611 4273 concentus
646 4213 723 4271 inter
744 4211 860 4287 Lydum
884 4212 1079 4290 Soliuumque
1107 4213 1220 4283 invitat,
1253 4223 1286 4273 ut
1307 4213 1340 4273 L.
1363 4217 1493 4277 'ferrutii
1612 4215 1613 4230 ¹

316 4323 430 4365 nomen
453 4305 586 4364 afferam.
