<?xml version="1.0" encoding="UTF-8"?>
<!DOCTYPE html PUBLIC "-//W3C//DTD XHTML 1.0 Transitional//EN"
    "http://www.w3.org/TR/xhtml1/DTD/xhtml1-transitional.dtd">
<html xmlns="http://www.w3.org/1999/xhtml" xml:lang="en" lang="en">
 <head>
  <title>
</title>
<meta http-equiv="Content-Type" content="text/html;charset=utf-8" />
  <meta name='ocr-system' content='tesseract 3.04.00' />
  <meta name='ocr-capabilities' content='ocr_page ocr_carea ocr_par ocr_line ocrx_word'/>
</head>
<body>
  <div class='ocr_page' id='page_1' title='image "./deioannislauren00bluhgoog_0023.png"; bbox 0 0 3294 5056; ppageno 0'>
   <div class='ocr_carea' id='block_1_1' title="bbox 802 321 1023 392">
    <p class='ocr_par' dir='ltr' id='par_1_1' title="bbox 802 321 1023 392">
     <span class='ocr_line' id='line_1_1' title="bbox 802 321 1023 392; baseline 0 -16"><span class='ocrx_word' id='word_1_1' title='bbox 802 321 1023 392; x_wconf 70' lang='lat'>..12-</span> 
     </span>
    </p>
   </div>
   <div class='ocr_carea' id='block_1_2' title="bbox 439 537 1439 970">
    <p class='ocr_par' dir='ltr' id='par_1_2' title="bbox 439 537 1439 970">
     <span class='ocr_line' id='line_1_2' title="bbox 439 537 1054 628; baseline -0.005 -19"><span class='ocrx_word' id='word_1_2' title='bbox 439 541 468 611; x_wconf 86' lang='lat'>4.</span> <span class='ocrx_word' id='word_1_3' title='bbox 492 543 536 609; x_wconf 90' lang='lat' dir='ltr'>de</span> <span class='ocrx_word' id='word_1_4' title='bbox 561 540 644 607; x_wconf 87' lang='lat' dir='ltr'>armi</span> <span class='ocrx_word' id='word_1_5' title='bbox 668 538 782 608; x_wconf 90' lang='lat' dir='ltr'>civilis</span> <span class='ocrx_word' id='word_1_6' title='bbox 805 539 908 608; x_wconf 89' lang='lat' dir='ltr'>initio</span> <span class='ocrx_word' id='word_1_7' title='bbox 933 537 1054 628; x_wconf 74' lang='lat' dir='ltr'>[Illpa]</span> 
     </span>
     <span class='ocr_line' id='line_1_3' title="bbox 492 665 1116 756; baseline -0.005 -22"><span class='ocrx_word' id='word_1_8' title='bbox 492 667 528 756; x_wconf 88' lang='lat' dir='ltr'>a)</span> <span class='ocrx_word' id='word_1_9' title='bbox 551 666 644 754; x_wconf 91' lang='lat' dir='ltr'>apud</span> <span class='ocrx_word' id='word_1_10' title='bbox 669 674 807 733; x_wconf 87' lang='lat' dir='ltr'>exteras</span> <span class='ocrx_word' id='word_1_11' title='bbox 831 665 994 733; x_wconf 88' lang='lat' dir='ltr'>nationes</span> <span class='ocrx_word' id='word_1_12' title='bbox 1113 739 1116 744; x_wconf 55' lang='grc'><strong>,</strong></span> 
     </span>
     <span class='ocr_line' id='line_1_4' title="bbox 571 769 1439 861; baseline -0.002 -20"><span class='ocrx_word' id='word_1_13' title='bbox 571 773 606 860; x_wconf 84' lang='grc' dir='ltr'>α)</span> <span class='ocrx_word' id='word_1_14' title='bbox 629 773 723 861; x_wconf 91' lang='lat' dir='ltr'>apud</span> <span class='ocrx_word' id='word_1_15' title='bbox 748 772 961 857; x_wconf 84' lang='lat' dir='ltr'>Babylonios</span> <span class='ocrx_word' id='word_1_16' title='bbox 985 774 1253 861; x_wconf 85' lang='lat' dir='ltr'><strong>Aegyptiosque</strong></span> <span class='ocrx_word' id='word_1_17' title='bbox 1277 772 1325 861; x_wconf 90' lang='lat' dir='ltr'>(p.</span> <span class='ocrx_word' id='word_1_18' title='bbox 1342 769 1439 858; x_wconf 80' lang='lat'>60,12)</span> 
     </span>
     <span class='ocr_line' id='line_1_5' title="bbox 570 875 1087 970; baseline 0 -23"><span class='ocrx_word' id='word_1_19' title='bbox 570 883 605 970; x_wconf 76' lang='grc' dir='ltr'>β)</span> <span class='ocrx_word' id='word_1_20' title='bbox 630 880 723 969; x_wconf 92' lang='lat' dir='ltr'>apud</span> <span class='ocrx_word' id='word_1_21' title='bbox 748 879 903 948; x_wconf 87' lang='lat' dir='ltr'>Graecos</span> <span class='ocrx_word' id='word_1_22' title='bbox 927 884 972 967; x_wconf 83' lang='lat' dir='ltr'>(p.</span> <span class='ocrx_word' id='word_1_23' title='bbox 989 875 1087 965; x_wconf 76' lang='lat'>60‚1⁵)</span> 
     </span>
    </p>
   </div>
   <div class='ocr_carea' id='block_1_3' title="bbox 493 1007 1220 1418">
    <p class='ocr_par' dir='ltr' id='par_1_3' title="bbox 493 1007 1220 1418">
     <span class='ocr_line' id='line_1_6' title="bbox 493 1007 854 1095; baseline -0.008 -21"><span class='ocrx_word' id='word_1_24' title='bbox 493 1008 527 1089; x_wconf 89' lang='lat' dir='ltr'>b)</span> <span class='ocrx_word' id='word_1_25' title='bbox 552 1007 646 1095; x_wconf 89' lang='lat' dir='ltr'>apud</span> <span class='ocrx_word' id='word_1_26' title='bbox 672 1010 854 1072; x_wconf 87' lang='lat' dir='ltr'>Romanos</span> 
     </span>
     <span class='ocr_line' id='line_1_7' title="bbox 571 1111 1220 1202; baseline -0.003 -20"><span class='ocrx_word' id='word_1_27' title='bbox 571 1115 626 1202; x_wconf 63' lang='lat' dir='ltr'>ol)</span> <span class='ocrx_word' id='word_1_28' title='bbox 650 1114 694 1180; x_wconf 89' lang='lat' dir='ltr'>de</span> <span class='ocrx_word' id='word_1_29' title='bbox 717 1112 819 1179; x_wconf 89' lang='lat' dir='ltr'>initio</span> <span class='ocrx_word' id='word_1_30' title='bbox 844 1113 1051 1180; x_wconf 88' lang='lat' dir='ltr'>sacerdotali</span> <span class='ocrx_word' id='word_1_31' title='bbox 1074 1117 1121 1200; x_wconf 89' lang='lat' dir='ltr'>(p.</span> <span class='ocrx_word' id='word_1_32' title='bbox 1140 1111 1220 1198; x_wconf 81' lang='lat'>61,1)</span> 
     </span>
     <span class='ocr_line' id='line_1_8' title="bbox 569 1216 1108 1307; baseline 0 -21"><span class='ocrx_word' id='word_1_33' title='bbox 569 1224 624 1307; x_wconf 60' lang='lat' dir='ltr'>dl)</span> <span class='ocrx_word' id='word_1_34' title='bbox 649 1221 692 1286; x_wconf 90' lang='lat' dir='ltr'>de</span> <span class='ocrx_word' id='word_1_35' title='bbox 715 1219 818 1286; x_wconf 91' lang='lat' dir='ltr'>initio</span> <span class='ocrx_word' id='word_1_36' title='bbox 842 1218 938 1287; x_wconf 92' lang='lat' dir='ltr'>civili</span> <span class='ocrx_word' id='word_1_37' title='bbox 962 1222 1008 1307; x_wconf 89' lang='lat' dir='ltr'>(p.</span> <span class='ocrx_word' id='word_1_38' title='bbox 1027 1216 1108 1304; x_wconf 55' lang='lat' dir='ltr'>ula)</span> 
     </span>
     <span class='ocr_line' id='line_1_9' title="bbox 572 1323 1137 1418; baseline -0.004 -24"><span class='ocrx_word' id='word_1_39' title='bbox 572 1327 625 1418; x_wconf 50' lang='grc' dir='ltr'>γι)</span> <span class='ocrx_word' id='word_1_40' title='bbox 649 1328 692 1394; x_wconf 89' lang='lat' dir='ltr'>de</span> <span class='ocrx_word' id='word_1_41' title='bbox 716 1326 818 1393; x_wconf 93' lang='lat' dir='ltr'>initio</span> <span class='ocrx_word' id='word_1_42' title='bbox 841 1326 956 1413; x_wconf 89' lang='lat' dir='ltr'>patrio</span> <span class='ocrx_word' id='word_1_43' title='bbox 980 1333 1025 1414; x_wconf 87' lang='lat' dir='ltr'>(p.</span> <span class='ocrx_word' id='word_1_44' title='bbox 1042 1323 1137 1411; x_wconf 67' lang='lat' dir='ltr'>uun)</span> 
     </span>
    </p>
   </div>
   <div class='ocr_carea' id='block_1_4' title="bbox 440 1469 1628 1558">
    <p class='ocr_par' dir='ltr' id='par_1_4' title="bbox 440 1469 1628 1558">
     <span class='ocr_line' id='line_1_10' title="bbox 440 1469 1628 1558; baseline -0.002 -21"><span class='ocrx_word' id='word_1_45' title='bbox 440 1473 520 1556; x_wconf 76' lang='lat' dir='ltr'>Qua</span> <span class='ocrx_word' id='word_1_46' title='bbox 537 1470 744 1558; x_wconf 87' lang='lat' dir='ltr'>quaestione</span> <span class='ocrx_word' id='word_1_47' title='bbox 761 1469 927 1555; x_wconf 88' lang='lat' dir='ltr'>expedita</span> <span class='ocrx_word' id='word_1_48' title='bbox 942 1469 1013 1535; x_wconf 92' lang='lat' dir='ltr'>iam</span> <span class='ocrx_word' id='word_1_49' title='bbox 1030 1479 1148 1554; x_wconf 90' lang='lat' dir='ltr'>restat,</span> <span class='ocrx_word' id='word_1_50' title='bbox 1172 1478 1213 1537; x_wconf 90' lang='lat' dir='ltr'>ut</span> <span class='ocrx_word' id='word_1_51' title='bbox 1228 1469 1272 1536; x_wconf 91' lang='lat' dir='ltr'>de</span> <span class='ocrx_word' id='word_1_52' title='bbox 1288 1470 1367 1536; x_wconf 83' lang='lat' dir='ltr'>libri</span> <span class='ocrx_word' id='word_1_53' title='bbox 1386 1470 1505 1558; x_wconf 91' lang='lat' dir='ltr'>quarti</span> <span class='ocrx_word' id='word_1_54' title='bbox 1627 1503 1628 1516; x_wconf 44' lang='grc' dir='ltr'><em>ν</em></span> 
     </span>
    </p>
   </div>
   <div class='ocr_carea' id='block_1_5' title="bbox 330 1577 1503 1772">
    <p class='ocr_par' dir='ltr' id='par_1_5' title="bbox 330 1577 1503 1772">
     <span class='ocr_line' id='line_1_11' title="bbox 330 1577 1503 1665; baseline -0.001 -21"><span class='ocrx_word' id='word_1_55' title='bbox 330 1578 448 1645; x_wconf 91' lang='lat' dir='ltr'>indole</span> <span class='ocrx_word' id='word_1_56' title='bbox 471 1578 704 1665; x_wconf 83' lang='lat' dir='ltr'>disputemus,</span> <span class='ocrx_word' id='word_1_57' title='bbox 733 1598 836 1663; x_wconf 90' lang='lat' dir='ltr'>quem</span> <span class='ocrx_word' id='word_1_58' title='bbox 870 1599 891 1642; x_wconf 90' lang='lat' dir='ltr'>a</span> <span class='ocrx_word' id='word_1_59' title='bbox 916 1577 1016 1661; x_wconf 89' lang='lat' dir='ltr'>Lydo</span> <span class='ocrx_word' id='word_1_60' title='bbox 1046 1597 1064 1643; x_wconf 89' lang='lat' dir='ltr'>e</span> <span class='ocrx_word' id='word_1_61' title='bbox 1094 1577 1271 1644; x_wconf 91' lang='lat' dir='ltr'>mensium</span> <span class='ocrx_word' id='word_1_62' title='bbox 1294 1599 1442 1644; x_wconf 90' lang='lat' dir='ltr'>numero</span> <span class='ocrx_word' id='word_1_63' title='bbox 1465 1577 1503 1644; x_wconf 90' lang='lat' dir='ltr'>in</span> 
     </span>
     <span class='ocr_line' id='line_1_12' title="bbox 330 1683 1424 1772; baseline -0.002 -19"><span class='ocrx_word' id='word_1_64' title='bbox 330 1685 515 1753; x_wconf 85' lang='lat' dir='ltr'><strong>duodecim</strong></span> <span class='ocrx_word' id='word_1_65' title='bbox 539 1693 657 1772; x_wconf 89' lang='lat' dir='ltr'>partes</span> <span class='ocrx_word' id='word_1_66' title='bbox 682 1683 836 1751; x_wconf 90' lang='lat' dir='ltr'>divisum</span> <span class='ocrx_word' id='word_1_67' title='bbox 861 1705 938 1750; x_wconf 88' lang='lat' dir='ltr'>esse</span> <span class='ocrx_word' id='word_1_68' title='bbox 962 1706 1023 1771; x_wconf 91' lang='lat' dir='ltr'>per</span> <span class='ocrx_word' id='word_1_69' title='bbox 1047 1706 1085 1751; x_wconf 93' lang='lat' dir='ltr'>se</span> <span class='ocrx_word' id='word_1_70' title='bbox 1109 1683 1336 1752; x_wconf 82' lang='lat' dir='ltr'>manifestum</span> <span class='ocrx_word' id='word_1_71' title='bbox 1361 1693 1424 1751; x_wconf 92' lang='lat' dir='ltr'>est.</span> 
     </span>
    </p>
   </div>
   <div class='ocr_carea' id='block_1_6' title="bbox 327 1809 1502 4384">
    <p class='ocr_par' dir='ltr' id='par_1_6' title="bbox 328 1809 1502 3272">
     <span class='ocr_line' id='line_1_13' title="bbox 437 1809 1502 1897; baseline -0.002 -20"><span class='ocrx_word' id='word_1_72' title='bbox 437 1814 561 1897; x_wconf 90' lang='lat' dir='ltr'>Itaque</span> <span class='ocrx_word' id='word_1_73' title='bbox 589 1810 691 1876; x_wconf 92' lang='lat' dir='ltr'>nobis</span> <span class='ocrx_word' id='word_1_74' title='bbox 715 1809 955 1897; x_wconf 89' lang='lat' dir='ltr'>quaerendum</span> <span class='ocrx_word' id='word_1_75' title='bbox 981 1818 1043 1893; x_wconf 91' lang='lat' dir='ltr'>est,</span> <span class='ocrx_word' id='word_1_76' title='bbox 1079 1831 1232 1896; x_wconf 87' lang='lat' dir='ltr'>quanam</span> <span class='ocrx_word' id='word_1_77' title='bbox 1256 1831 1342 1877; x_wconf 91' lang='lat' dir='ltr'>usus</span> <span class='ocrx_word' id='word_1_78' title='bbox 1365 1809 1502 1876; x_wconf 89' lang='lat' dir='ltr'>ratione</span> 
     </span>
     <span class='ocr_line' id='line_1_14' title="bbox 329 1915 1501 2008; baseline -0.002 -23"><span class='ocrx_word' id='word_1_79' title='bbox 329 1917 534 2008; x_wconf 87' lang='lat' dir='ltr'>disputandi</span> <span class='ocrx_word' id='word_1_80' title='bbox 568 1919 719 1984; x_wconf 89' lang='lat' dir='ltr'>Ioannes</span> <span class='ocrx_word' id='word_1_81' title='bbox 754 1915 978 2003; x_wconf 86' lang='lat' dir='ltr'>singulorum</span> <span class='ocrx_word' id='word_1_82' title='bbox 1009 1917 1185 1984; x_wconf 91' lang='lat' dir='ltr'>meusium</span> <span class='ocrx_word' id='word_1_83' title='bbox 1217 1917 1501 2004; x_wconf 86' lang='lat' dir='ltr'>explanationem</span> 
     </span>
     <span class='ocr_line' id='line_1_15' title="bbox 330 2022 1501 2112; baseline -0.001 -21"><span class='ocrx_word' id='word_1_84' title='bbox 330 2024 576 2112; x_wconf 84' lang='lat' dir='ltr'><strong>composuerit.</strong></span> <span class='ocrx_word' id='word_1_85' title='bbox 624 2026 704 2109; x_wconf 81' lang='lat' dir='ltr'>Qua</span> <span class='ocrx_word' id='word_1_86' title='bbox 727 2023 763 2089; x_wconf 90' lang='lat' dir='ltr'>in</span> <span class='ocrx_word' id='word_1_87' title='bbox 789 2046 826 2089; x_wconf 90' lang='lat' dir='ltr'>re</span> <span class='ocrx_word' id='word_1_88' title='bbox 843 2022 964 2106; x_wconf 89' lang='lat' dir='ltr'>Lydus</span> <span class='ocrx_word' id='word_1_89' title='bbox 988 2023 1065 2111; x_wconf 90' lang='lat' dir='ltr'>ipse</span> <span class='ocrx_word' id='word_1_90' title='bbox 1089 2033 1220 2091; x_wconf 85' lang='lat' dir='ltr'>certam</span> <span class='ocrx_word' id='word_1_91' title='bbox 1238 2023 1339 2090; x_wconf 91' lang='lat' dir='ltr'>nobis</span> <span class='ocrx_word' id='word_1_92' title='bbox 1356 2023 1501 2112; x_wconf 82' lang='lat' dir='ltr'>praebet</span> 
     </span>
     <span class='ocr_line' id='line_1_16' title="bbox 329 2126 1502 2221; baseline -0.002 -23"><span class='ocrx_word' id='word_1_93' title='bbox 329 2153 461 2216; x_wconf 88' lang='lat' dir='ltr'>ansam,</span> <span class='ocrx_word' id='word_1_94' title='bbox 493 2152 574 2198; x_wconf 91' lang='lat' dir='ltr'>cum</span> <span class='ocrx_word' id='word_1_95' title='bbox 602 2131 639 2197; x_wconf 90' lang='lat' dir='ltr'>in</span> <span class='ocrx_word' id='word_1_96' title='bbox 664 2132 721 2215; x_wconf 88' lang='lat' dir='ltr'>Il‚1</span> <span class='ocrx_word' id='word_1_97' title='bbox 750 2136 793 2218; x_wconf 90' lang='lat' dir='ltr'>(p.</span> <span class='ocrx_word' id='word_1_98' title='bbox 811 2126 891 2215; x_wconf 73' lang='lat' dir='ltr'>18,sl</span> <span class='ocrx_word' id='word_1_99' title='bbox 913 2130 1021 2197; x_wconf 90' lang='lat' dir='ltr'>haece</span> <span class='ocrx_word' id='word_1_100' title='bbox 1045 2130 1160 2198; x_wconf 90' lang='lat' dir='ltr'>docet:</span> <span class='ocrx_word' id='word_1_101' title='bbox 1190 2129 1361 2218; x_wconf 79' lang='grc' dir='ltr'><em>περὶτῶν</em></span> <span class='ocrx_word' id='word_1_102' title='bbox 1391 2135 1502 2221; x_wconf 86' lang='grc' dir='ltr'><em>μηνῶν</em></span> 
     </span>
     <span class='ocr_line' id='line_1_17' title="bbox 330 2229 1499 2330; baseline -0.002 -24"><span class='ocrx_word' id='word_1_103' title='bbox 330 2237 451 2320; x_wconf 80' lang='grc' dir='ltr'><em>εἰπεῖν,</em></span> <span class='ocrx_word' id='word_1_104' title='bbox 478 2230 560 2306; x_wconf 77' lang='grc' dir='ltr'><em>ὅθεν</em></span> <span class='ocrx_word' id='word_1_105' title='bbox 582 2237 638 2305; x_wconf 80' lang='grc' dir='ltr'>καὶ</span> <span class='ocrx_word' id='word_1_106' title='bbox 662 2231 759 2317; x_wconf 74' lang='grc' dir='ltr'><em>ὅπως</em></span> <span class='ocrx_word' id='word_1_107' title='bbox 778 2233 839 2329; x_wconf 71' lang='grc' dir='ltr'>τὴν</span> <span class='ocrx_word' id='word_1_108' title='bbox 859 2236 1086 2328; x_wconf 71' lang='grc' dir='ltr'><em>προσηγορίαν</em></span> <span class='ocrx_word' id='word_1_109' title='bbox 1102 2229 1211 2306; x_wconf 70' lang='grc' dir='ltr'><em>αὐτῶν</em></span> <span class='ocrx_word' id='word_1_110' title='bbox 1226 2238 1362 2319; x_wconf 74' lang='grc' dir='ltr'><em>ἕκαστος</em></span> <span class='ocrx_word' id='word_1_111' title='bbox 1377 2234 1499 2330; x_wconf 72' lang='grc' dir='ltr'><em>εἴληφε,</em></span> 
     </span>
     <span class='ocr_line' id='line_1_18' title="bbox 328 2335 1501 2435; baseline -0.001 -22"><span class='ocrx_word' id='word_1_112' title='bbox 328 2345 386 2414; x_wconf 86' lang='grc' dir='ltr'>καὶ</span> <span class='ocrx_word' id='word_1_113' title='bbox 417 2339 506 2435; x_wconf 76' lang='grc' dir='ltr'><strong><em>ὅπερ</em></strong></span> <span class='ocrx_word' id='word_1_114' title='bbox 535 2336 753 2413; x_wconf 73' lang='grc' dir='ltr'><em>καθ’ἕκαστον</em></span> <span class='ocrx_word' id='word_1_115' title='bbox 782 2335 889 2413; x_wconf 66' lang='lat' dir='ltr'>airola</span> <span class='ocrx_word' id='word_1_116' title='bbox 915 2351 986 2426; x_wconf 82' lang='grc' dir='ltr'><strong><em>τοῖς</em></strong></span> <span class='ocrx_word' id='word_1_117' title='bbox 1012 2336 1188 2431; x_wconf 83' lang='grc' dir='ltr'><strong><em>Ῥωμαίοις</em></strong></span> <span class='ocrx_word' id='word_1_118' title='bbox 1217 2343 1326 2413; x_wconf 80' lang='grc' dir='ltr'><em>πάλαι</em></span> <span class='ocrx_word' id='word_1_119' title='bbox 1355 2371 1501 2433; x_wconf 82' lang='grc' dir='ltr'><em>παρανε-</em></span> 
     </span>
     <span class='ocr_line' id='line_1_19' title="bbox 328 2452 1500 2544; baseline -0.002 -23"><span class='ocrx_word' id='word_1_120' title='bbox 328 2452 474 2544; x_wconf 77' lang='grc' dir='ltr'><em>νήρηναι.</em></span> <span class='ocrx_word' id='word_1_121' title='bbox 521 2455 621 2520; x_wconf 87' lang='lat' dir='ltr'>Haec</span> <span class='ocrx_word' id='word_1_122' title='bbox 656 2473 740 2520; x_wconf 90' lang='lat' dir='ltr'>vero</span> <span class='ocrx_word' id='word_1_123' title='bbox 776 2452 884 2520; x_wconf 90' lang='lat' dir='ltr'>verba</span> <span class='ocrx_word' id='word_1_124' title='bbox 919 2453 1003 2540; x_wconf 91' lang='lat' dir='ltr'>quin</span> <span class='ocrx_word' id='word_1_125' title='bbox 1040 2453 1152 2519; x_wconf 91' lang='lat' dir='ltr'>solum</span> <span class='ocrx_word' id='word_1_126' title='bbox 1182 2452 1312 2519; x_wconf 91' lang='lat' dir='ltr'>librum</span> <span class='ocrx_word' id='word_1_127' title='bbox 1336 2460 1500 2540; x_wconf 92' lang='lat' dir='ltr'>quartum</span> 
     </span>
     <span class='ocr_line' id='line_1_20' title="bbox 328 2559 1499 2649; baseline 0 -22"><span class='ocrx_word' id='word_1_128' title='bbox 328 2561 527 2649; x_wconf 83' lang='lat' dir='ltr'>respiciant,</span> <span class='ocrx_word' id='word_1_129' title='bbox 543 2559 600 2627; x_wconf 89' lang='lat' dir='ltr'>his</span> <span class='ocrx_word' id='word_1_130' title='bbox 616 2559 782 2626; x_wconf 88' lang='lat' dir='ltr'>omnibus</span> <span class='ocrx_word' id='word_1_131' title='bbox 798 2580 905 2647; x_wconf 86' lang='lat' dir='ltr'>supra</span> <span class='ocrx_word' id='word_1_132' title='bbox 920 2559 1111 2646; x_wconf 87' lang='lat' dir='ltr'>disputatis</span> <span class='ocrx_word' id='word_1_133' title='bbox 1122 2559 1193 2626; x_wconf 88' lang='lat' dir='ltr'>iam</span> <span class='ocrx_word' id='word_1_134' title='bbox 1206 2560 1339 2626; x_wconf 87' lang='lat' dir='ltr'>nemini</span> <span class='ocrx_word' id='word_1_135' title='bbox 1352 2559 1499 2627; x_wconf 90' lang='lat' dir='ltr'>dubium</span> 
     </span>
     <span class='ocr_line' id='line_1_21' title="bbox 329 2666 1500 2751; baseline -0.002 -17"><span class='ocrx_word' id='word_1_136' title='bbox 329 2689 406 2734; x_wconf 89' lang='lat' dir='ltr'>esse</span> <span class='ocrx_word' id='word_1_137' title='bbox 439 2689 574 2735; x_wconf 90' lang='lat' dir='ltr'>censeo.</span> <span class='ocrx_word' id='word_1_138' title='bbox 621 2666 692 2736; x_wconf 87' lang='lat' dir='ltr'>Sed</span> <span class='ocrx_word' id='word_1_139' title='bbox 722 2687 802 2734; x_wconf 89' lang='lat' dir='ltr'>cum</span> <span class='ocrx_word' id='word_1_140' title='bbox 827 2666 1082 2751; x_wconf 67' lang='lat' dir='ltr'>examinamus</span> <span class='ocrx_word' id='word_1_141' title='bbox 1111 2688 1197 2734; x_wconf 89' lang='lat' dir='ltr'>num</span> <span class='ocrx_word' id='word_1_142' title='bbox 1222 2667 1436 2739; x_wconf 84' lang='lat' dir='ltr'>Laurentius</span> <span class='ocrx_word' id='word_1_143' title='bbox 1463 2667 1500 2733; x_wconf 91' lang='lat' dir='ltr'>in</span> 
     </span>
     <span class='ocr_line' id='line_1_22' title="bbox 329 2772 1500 2858; baseline -0.001 -16"><span class='ocrx_word' id='word_1_144' title='bbox 329 2775 521 2842; x_wconf 84' lang='lat' dir='ltr'>tractandis</span> <span class='ocrx_word' id='word_1_145' title='bbox 544 2774 725 2841; x_wconf 91' lang='lat' dir='ltr'>mensibus</span> <span class='ocrx_word' id='word_1_146' title='bbox 750 2772 842 2846; x_wconf 90' lang='lat' dir='ltr'>hanc</span> <span class='ocrx_word' id='word_1_147' title='bbox 865 2774 1038 2841; x_wconf 91' lang='lat' dir='ltr'>rationem</span> <span class='ocrx_word' id='word_1_148' title='bbox 1062 2773 1266 2858; x_wconf 91' lang='lat' dir='ltr'>servaverit,</span> <span class='ocrx_word' id='word_1_149' title='bbox 1290 2797 1361 2841; x_wconf 90' lang='lat' dir='ltr'>non</span> <span class='ocrx_word' id='word_1_150' title='bbox 1378 2796 1500 2842; x_wconf 86' lang='lat' dir='ltr'>omnes</span> 
     </span>
     <span class='ocr_line' id='line_1_23' title="bbox 330 2881 1499 2976; baseline 0 -27"><span class='ocrx_word' id='word_1_151' title='bbox 330 2905 385 2949; x_wconf 90' lang='lat' dir='ltr'>res</span> <span class='ocrx_word' id='word_1_152' title='bbox 410 2903 497 2970; x_wconf 91' lang='lat' dir='ltr'>quas</span> <span class='ocrx_word' id='word_1_153' title='bbox 521 2881 580 2949; x_wconf 89' lang='lat' dir='ltr'>ille</span> <span class='ocrx_word' id='word_1_154' title='bbox 604 2881 641 2947; x_wconf 89' lang='lat' dir='ltr'>in</span> <span class='ocrx_word' id='word_1_155' title='bbox 665 2881 783 2948; x_wconf 90' lang='lat' dir='ltr'>medio</span> <span class='ocrx_word' id='word_1_156' title='bbox 806 2881 908 2968; x_wconf 91' lang='lat' dir='ltr'>ponit</span> <span class='ocrx_word' id='word_1_157' title='bbox 926 2881 1092 2976; x_wconf 84' lang='lat' dir='ltr'>singulas</span> <span class='ocrx_word' id='word_1_158' title='bbox 1118 2881 1283 2969; x_wconf 87' lang='lat' dir='ltr'>expedire</span> <span class='ocrx_word' id='word_1_159' title='bbox 1298 2903 1499 2970; x_wconf 91' lang='lat' dir='ltr'>possumus;</span> 
     </span>
     <span class='ocr_line' id='line_1_24' title="bbox 328 2987 1501 3076; baseline 0 -21"><span class='ocrx_word' id='word_1_160' title='bbox 328 3011 411 3056; x_wconf 89' lang='lat' dir='ltr'>nam</span> <span class='ocrx_word' id='word_1_161' title='bbox 446 2989 483 3055; x_wconf 91' lang='lat' dir='ltr'>in</span> <span class='ocrx_word' id='word_1_162' title='bbox 506 2990 574 3056; x_wconf 92' lang='lat' dir='ltr'>hoc</span> <span class='ocrx_word' id='word_1_163' title='bbox 597 2988 674 3076; x_wconf 90' lang='lat' dir='ltr'>ipso</span> <span class='ocrx_word' id='word_1_164' title='bbox 698 2989 788 3055; x_wconf 91' lang='lat' dir='ltr'>libro</span> <span class='ocrx_word' id='word_1_165' title='bbox 812 2987 933 3073; x_wconf 90' lang='lat' dir='ltr'>Lydus</span> <span class='ocrx_word' id='word_1_166' title='bbox 958 2987 1077 3055; x_wconf 88' lang='lat' dir='ltr'>omnia</span> <span class='ocrx_word' id='word_1_167' title='bbox 1101 3010 1345 3076; x_wconf 88' lang='lat' dir='ltr'>quaecumque</span> <span class='ocrx_word' id='word_1_168' title='bbox 1368 2999 1404 3057; x_wconf 88' lang='lat' dir='ltr'>et</span> <span class='ocrx_word' id='word_1_169' title='bbox 1427 2989 1501 3056; x_wconf 89' lang='lat' dir='ltr'>ubi-</span> 
     </span>
     <span class='ocr_line' id='line_1_25' title="bbox 329 3094 1500 3184; baseline -0.003 -19"><span class='ocrx_word' id='word_1_170' title='bbox 329 3117 479 3184; x_wconf 90' lang='lat' dir='ltr'>cumque</span> <span class='ocrx_word' id='word_1_171' title='bbox 508 3094 691 3163; x_wconf 91' lang='lat' dir='ltr'>contextui</span> <span class='ocrx_word' id='word_1_172' title='bbox 720 3096 874 3164; x_wconf 91' lang='lat' dir='ltr'>inserere</span> <span class='ocrx_word' id='word_1_173' title='bbox 897 3104 1045 3183; x_wconf 87' lang='lat' dir='ltr'>poterat,</span> <span class='ocrx_word' id='word_1_174' title='bbox 1073 3095 1111 3161; x_wconf 92' lang='lat' dir='ltr'>in</span> <span class='ocrx_word' id='word_1_175' title='bbox 1134 3116 1247 3162; x_wconf 89' lang='lat' dir='ltr'>unum</span> <span class='ocrx_word' id='word_1_176' title='bbox 1271 3117 1398 3184; x_wconf 91' lang='lat' dir='ltr'>corpus</span> <span class='ocrx_word' id='word_1_177' title='bbox 1422 3117 1500 3165; x_wconf 91' lang='lat' dir='ltr'>con-</span> 
     </span>
     <span class='ocr_line' id='line_1_26' title="bbox 328 3202 673 3272; baseline 0.006 -2"><span class='ocrx_word' id='word_1_178' title='bbox 328 3203 503 3270; x_wconf 85' lang='lat' dir='ltr'>sarcinare</span> <span class='ocrx_word' id='word_1_179' title='bbox 527 3202 673 3272; x_wconf 88' lang='lat' dir='ltr'>studuit.</span> 
     </span>
    </p>

    <p class='ocr_par' dir='ltr' id='par_1_7' title="bbox 327 3327 1499 4384">
     <span class='ocr_line' id='line_1_27' title="bbox 438 3327 1499 3417; baseline 0.003 -23"><span class='ocrx_word' id='word_1_180' title='bbox 438 3329 573 3395; x_wconf 85' lang='lat' dir='ltr'>Primae</span> <span class='ocrx_word' id='word_1_181' title='bbox 585 3327 800 3416; x_wconf 82' lang='lat' dir='ltr'>paragraphi</span> <span class='ocrx_word' id='word_1_182' title='bbox 813 3328 915 3396; x_wconf 88' lang='lat' dir='ltr'>initio</span> <span class='ocrx_word' id='word_1_183' title='bbox 928 3328 1043 3413; x_wconf 92' lang='lat' dir='ltr'>Lydus</span> <span class='ocrx_word' id='word_1_184' title='bbox 1058 3338 1246 3417; x_wconf 89' lang='lat' dir='ltr'>postquam</span> <span class='ocrx_word' id='word_1_185' title='bbox 1264 3330 1348 3396; x_wconf 89' lang='lat' dir='ltr'>anni</span> <span class='ocrx_word' id='word_1_186' title='bbox 1361 3329 1499 3397; x_wconf 88' lang='lat' dir='ltr'>initium</span> 
     </span>
     <span class='ocr_line' id='line_1_28' title="bbox 328 3436 1499 3506; baseline 0.003 -3"><span class='ocrx_word' id='word_1_187' title='bbox 328 3437 534 3504; x_wconf 85' lang='lat' dir='ltr'>Ianuarium</span> <span class='ocrx_word' id='word_1_188' title='bbox 567 3458 725 3503; x_wconf 91' lang='lat' dir='ltr'>mensem</span> <span class='ocrx_word' id='word_1_189' title='bbox 756 3436 928 3503; x_wconf 91' lang='lat' dir='ltr'>Romanis</span> <span class='ocrx_word' id='word_1_190' title='bbox 959 3459 980 3502; x_wconf 89' lang='lat' dir='ltr'>a</span> <span class='ocrx_word' id='word_1_191' title='bbox 1004 3439 1124 3503; x_wconf 89' lang='lat' dir='ltr'>Numa</span> <span class='ocrx_word' id='word_1_192' title='bbox 1156 3437 1390 3505; x_wconf 90' lang='lat' dir='ltr'>constitutum</span> <span class='ocrx_word' id='word_1_193' title='bbox 1423 3459 1499 3506; x_wconf 90' lang='lat' dir='ltr'>esse</span> 
     </span>
     <span class='ocr_line' id='line_1_29' title="bbox 330 3543 1499 3632; baseline 0 -20"><span class='ocrx_word' id='word_1_194' title='bbox 330 3545 504 3632; x_wconf 73' lang='lat' dir='ltr'>exposuit,</span> <span class='ocrx_word' id='word_1_195' title='bbox 521 3543 672 3612; x_wconf 87' lang='lat' dir='ltr'>transitu</span> <span class='ocrx_word' id='word_1_196' title='bbox 689 3543 835 3610; x_wconf 83' lang='lat' dir='ltr'>ridicule</span> <span class='ocrx_word' id='word_1_197' title='bbox 851 3543 1002 3631; x_wconf 88' lang='lat' dir='ltr'>abrupto</span> <span class='ocrx_word' id='word_1_198' title='bbox 1018 3564 1104 3611; x_wconf 90' lang='lat' dir='ltr'>usus</span> <span class='ocrx_word' id='word_1_199' title='bbox 1116 3544 1160 3611; x_wconf 89' lang='lat' dir='ltr'>de</span> <span class='ocrx_word' id='word_1_200' title='bbox 1173 3548 1260 3611; x_wconf 92' lang='lat' dir='ltr'>Iano</span> <span class='ocrx_word' id='word_1_201' title='bbox 1271 3543 1338 3611; x_wconf 90' lang='lat' dir='ltr'>deo</span> <span class='ocrx_word' id='word_1_202' title='bbox 1351 3544 1499 3631; x_wconf 90' lang='lat' dir='ltr'>disserit,</span> 
     </span>
     <span class='ocr_line' id='line_1_30' title="bbox 328 3650 1499 3740; baseline -0.001 -21"><span class='ocrx_word' id='word_1_203' title='bbox 328 3652 407 3740; x_wconf 92' lang='lat' dir='ltr'>quis</span> <span class='ocrx_word' id='word_1_204' title='bbox 431 3651 477 3719; x_wconf 91' lang='lat' dir='ltr'>sit</span> <span class='ocrx_word' id='word_1_205' title='bbox 501 3673 662 3740; x_wconf 88' lang='lat' dir='ltr'>quaeque</span> <span class='ocrx_word' id='word_1_206' title='bbox 685 3651 729 3718; x_wconf 89' lang='lat' dir='ltr'>de</span> <span class='ocrx_word' id='word_1_207' title='bbox 753 3673 794 3717; x_wconf 93' lang='lat' dir='ltr'>eo</span> <span class='ocrx_word' id='word_1_208' title='bbox 817 3650 923 3719; x_wconf 85' lang='lat' dir='ltr'>luerit</span> <span class='ocrx_word' id='word_1_209' title='bbox 946 3651 1126 3718; x_wconf 91' lang='lat' dir='ltr'>veteribus</span> <span class='ocrx_word' id='word_1_210' title='bbox 1149 3651 1277 3739; x_wconf 86' lang='lat' dir='ltr'>opinio,</span> <span class='ocrx_word' id='word_1_211' title='bbox 1309 3653 1499 3739; x_wconf 85' lang='lat' dir='ltr'>expediens</span> 
     </span>
     <span class='ocr_line' id='line_1_31' title="bbox 327 3755 1498 3846; baseline 0 -20"><span class='ocrx_word' id='word_1_212' title='bbox 327 3759 479 3846; x_wconf 91' lang='lat' dir='ltr'>primum</span> <span class='ocrx_word' id='word_1_213' title='bbox 511 3760 650 3827; x_wconf 88' lang='lat' dir='ltr'>diversa</span> <span class='ocrx_word' id='word_1_214' title='bbox 682 3758 757 3825; x_wconf 89' lang='lat' dir='ltr'>eius</span> <span class='ocrx_word' id='word_1_215' title='bbox 788 3757 934 3825; x_wconf 90' lang='lat' dir='ltr'>nomina</span> <span class='ocrx_word' id='word_1_216' title='bbox 966 3757 1014 3846; x_wconf 86' lang='lat' dir='ltr'>(p.</span> <span class='ocrx_word' id='word_1_217' title='bbox 1032 3755 1123 3845; x_wconf 59' lang='lat' dir='ltr'>tta),</span> <span class='ocrx_word' id='word_1_218' title='bbox 1154 3759 1281 3826; x_wconf 89' lang='lat' dir='ltr'>deinde</span> <span class='ocrx_word' id='word_1_219' title='bbox 1305 3759 1348 3826; x_wconf 91' lang='lat' dir='ltr'>de</span> <span class='ocrx_word' id='word_1_220' title='bbox 1372 3759 1498 3826; x_wconf 86' lang='lat' dir='ltr'>statuis</span> 
     </span>
     <span class='ocr_line' id='line_1_32' title="bbox 327 3862 1498 3955; baseline 0.001 -23"><span class='ocrx_word' id='word_1_221' title='bbox 327 3867 374 3954; x_wconf 84' lang='lat' dir='ltr'>(p.</span> <span class='ocrx_word' id='word_1_222' title='bbox 387 3864 494 3952; x_wconf 70' lang='lat'>63,10),</span> <span class='ocrx_word' id='word_1_223' title='bbox 508 3876 583 3934; x_wconf 89' lang='lat' dir='ltr'>tum</span> <span class='ocrx_word' id='word_1_224' title='bbox 597 3868 641 3933; x_wconf 91' lang='lat' dir='ltr'>de</span> <span class='ocrx_word' id='word_1_225' title='bbox 653 3874 781 3933; x_wconf 89' lang='lat' dir='ltr'>natura</span> <span class='ocrx_word' id='word_1_226' title='bbox 791 3866 839 3952; x_wconf 91' lang='lat' dir='ltr'>(p.</span> <span class='ocrx_word' id='word_1_227' title='bbox 850 3862 941 3954; x_wconf 55' lang='lat' dir='ltr'>tta),</span> <span class='ocrx_word' id='word_1_228' title='bbox 954 3865 1106 3953; x_wconf 89' lang='lat' dir='ltr'>denique</span> <span class='ocrx_word' id='word_1_229' title='bbox 1119 3866 1162 3932; x_wconf 89' lang='lat' dir='ltr'>de</span> <span class='ocrx_word' id='word_1_230' title='bbox 1174 3865 1288 3954; x_wconf 81' lang='lat' dir='ltr'>signis</span> <span class='ocrx_word' id='word_1_231' title='bbox 1300 3866 1498 3955; x_wconf 77' lang='lat' dir='ltr'>fabulisque</span> 
     </span>
     <span class='ocr_line' id='line_1_33' title="bbox 327 3971 1499 4062; baseline 0.001 -23"><span class='ocrx_word' id='word_1_232' title='bbox 327 3979 371 4060; x_wconf 91' lang='lat' dir='ltr'>(p.</span> <span class='ocrx_word' id='word_1_233' title='bbox 394 3971 474 4058; x_wconf 52' lang='lat' dir='ltr'>uun)</span> <span class='ocrx_word' id='word_1_234' title='bbox 502 3975 651 4043; x_wconf 89' lang='lat' dir='ltr'>locutus.</span> <span class='ocrx_word' id='word_1_235' title='bbox 699 3975 775 4058; x_wconf 88' lang='lat' dir='ltr'>Iam</span> <span class='ocrx_word' id='word_1_236' title='bbox 804 3995 887 4041; x_wconf 92' lang='lat' dir='ltr'>vero</span> <span class='ocrx_word' id='word_1_237' title='bbox 911 3974 1062 4040; x_wconf 88' lang='lat' dir='ltr'>Ioannes</span> <span class='ocrx_word' id='word_1_238' title='bbox 1086 3973 1122 4039; x_wconf 91' lang='lat' dir='ltr'>in</span> <span class='ocrx_word' id='word_1_239' title='bbox 1147 3973 1375 4060; x_wconf 88' lang='lat' dir='ltr'>sequentibus</span> <span class='ocrx_word' id='word_1_240' title='bbox 1402 3995 1499 4062; x_wconf 86' lang='lat' dir='ltr'>para-</span> 
     </span>
     <span class='ocr_line' id='line_1_34' title="bbox 327 4080 1498 4169; baseline 0.001 -22"><span class='ocrx_word' id='word_1_241' title='bbox 327 4080 483 4167; x_wconf 86' lang='lat' dir='ltr'>graphis,</span> <span class='ocrx_word' id='word_1_242' title='bbox 516 4081 599 4169; x_wconf 89' lang='lat' dir='ltr'>quid</span> <span class='ocrx_word' id='word_1_243' title='bbox 632 4103 653 4148; x_wconf 88' lang='lat' dir='ltr'>a</span> <span class='ocrx_word' id='word_1_244' title='bbox 678 4080 849 4148; x_wconf 91' lang='lat' dir='ltr'>Romanis</span> <span class='ocrx_word' id='word_1_245' title='bbox 873 4080 1025 4166; x_wconf 86' lang='lat' dir='ltr'>singulis</span> <span class='ocrx_word' id='word_1_246' title='bbox 1049 4080 1196 4148; x_wconf 88' lang='lat' dir='ltr'>huiusce</span> <span class='ocrx_word' id='word_1_247' title='bbox 1219 4081 1350 4148; x_wconf 90' lang='lat' dir='ltr'>mensis</span> <span class='ocrx_word' id='word_1_248' title='bbox 1374 4082 1498 4149; x_wconf 91' lang='lat' dir='ltr'>diebus</span> 
     </span>
     <span class='ocr_line' id='line_1_35' title="bbox 327 4187 1497 4276; baseline 0.002 -22"><span class='ocrx_word' id='word_1_249' title='bbox 327 4188 554 4256; x_wconf 88' lang='lat' dir='ltr'>observatum</span> <span class='ocrx_word' id='word_1_250' title='bbox 578 4188 633 4273; x_wconf 87' lang='lat' dir='ltr'>sit,</span> <span class='ocrx_word' id='word_1_251' title='bbox 657 4188 839 4276; x_wconf 79' lang='lat' dir='ltr'>explorare</span> <span class='ocrx_word' id='word_1_252' title='bbox 862 4187 987 4275; x_wconf 89' lang='lat' dir='ltr'>incipit</span> <span class='ocrx_word' id='word_1_253' title='bbox 1010 4187 1116 4276; x_wconf 92' lang='lat' dir='ltr'>idque</span> <span class='ocrx_word' id='word_1_254' title='bbox 1140 4210 1185 4254; x_wconf 88' lang='lat' dir='ltr'>ex</span> <span class='ocrx_word' id='word_1_255' title='bbox 1208 4187 1330 4255; x_wconf 90' lang='lat' dir='ltr'>ordine</span> <span class='ocrx_word' id='word_1_256' title='bbox 1352 4189 1497 4273; x_wconf 88' lang='lat' dir='ltr'>dierum,</span> 
     </span>
     <span class='ocr_line' id='line_1_36' title="bbox 328 4294 1497 4384; baseline -0.001 -21"><span class='ocrx_word' id='word_1_257' title='bbox 328 4295 438 4363; x_wconf 88' lang='lat' dir='ltr'>veluti</span> <span class='ocrx_word' id='word_1_258' title='bbox 462 4296 499 4362; x_wconf 90' lang='lat' dir='ltr'>in</span> <span class='ocrx_word' id='word_1_259' title='bbox 521 4298 595 4380; x_wconf 76' lang='lat' dir='ltr'>IV,3</span> <span class='ocrx_word' id='word_1_260' title='bbox 621 4296 664 4363; x_wconf 89' lang='lat' dir='ltr'>de</span> <span class='ocrx_word' id='word_1_261' title='bbox 687 4295 809 4383; x_wconf 88' lang='lat' dir='ltr'>primis</span> <span class='ocrx_word' id='word_1_262' title='bbox 826 4295 1070 4366; x_wconf 88' lang='lat' dir='ltr'>Kalendarum</span> <span class='ocrx_word' id='word_1_263' title='bbox 1094 4294 1198 4380; x_wconf 77' lang='lat' dir='ltr'>feriis,</span> <span class='ocrx_word' id='word_1_264' title='bbox 1222 4295 1351 4384; x_wconf 90' lang='lat' dir='ltr'>quibus</span> <span class='ocrx_word' id='word_1_265' title='bbox 1375 4298 1497 4366; x_wconf 88' lang='lat' dir='ltr'>consul</span> 
     </span>
    </p>
   </div>
   <div class='ocr_carea' id='block_1_7' title="bbox 0 0 1652 5056">
    <p class='ocr_par' dir='ltr' id='par_1_8' title="bbox 0 0 1652 5056">
     <span class='ocr_line' id='line_1_37' title="bbox 0 0 1652 5056; baseline 0 2"><span class='ocrx_word' id='word_1_266' title='bbox 0 0 1652 5056; x_wconf 95' lang='lat' dir='ltr'> </span> 
     </span>
    </p>
   </div>
  </div>
 </body>
</html>
