3318 5050
645 357 865 430 ..sq-

162 583 215 663 (p.
233 571 340 664 Dine),
364 585 505 664 poetam
523 575 685 663 ¹aliquem
702 581 749 662 (p.
766 571 875 662 diae),
896 573 1100 662 Diogenem
1125 574 1169 663 (p.
1185 571 1287 656 idue)
1307 574 1343 646 id

168 692 342 754 testantes
358 683 459 756 iacit
500 685 620 771 Atque
634 683 679 750 de
697 681 873 768 Diogenis
888 680 1032 785 quidem
1046 681 1194 750 nomine
1210 703 1344 768 magua

164 802 291 858 exorta
314 800 369 858 est
391 789 567 860 dissensio
589 791 680 862 inter
697 789 793 856 viros
809 788 941 872 doctos,
966 803 1256 876 quorum-omnes
1271 790 1344 856 iere

166 897 204 966 in
240 897 421 984 scriptoris
441 897 598 976 nomine
632 898 863 967 Laurentium
896 903 1039 964 errasse·
1061 895 1344 984 suspienbantun.
1453 955 1455 959 .

164 1003 428 1092 Etenim-quod
445 1005 534 1072 haec
546 1003 721 1090 Diogenis
737 1003 1029 1074 verbaadeurate
1044 1002 1245 1090 conspirare
1262 1021 1343 1070 curn

167 1109 421 1198 ‘Porphyrionis
450 1110 486 1177 in
521 1111 595 1199 vita
613 1111 828 1197 ‚lsshogorae
848 1109 940 1192 §44
968 1111 1017 1198 (p.
1034 1107 1176 1195 ‹ila-te
1202 1111 1345 1196 Nauck)

169 1238 231 1286 eos
269 1239 340 1294 uon
380 1218 491 1304 fugit,
531 1217 711 1304 Diogenis*
741 1239 872 1288 nomen
908 1217 944 1284 in
966 1216 1166 1308 ¹Porphyrii
1205 1227 1344 1292 mutare

165 1325 354 1395 volebant·
393 1325 572 1410 creuzen)
595 1334 722 1392 antem
740 1336 781 1394 ut
798 1325 1159 1412 Lydiauctoritatem
1176 1337 1343 1408 servaret,

165 1453 189 1498 a
219 1431 383 1518 Diogene
411 1429 552 1498 Laertio
586 1430 683 1504 hunc
717 1432 834 1501 locum
853 1433 1068 1519 ¹proiectum
1088 1453 1165 1501 esse
1188 1431 1344 1526 putavit·;

165 1540 193 1606 1.
225 1539 281 1606 Fr.
305 1537 503 1624 Schultze²)
535 1560 619 1606 vero
653 1538 696 1605 ad
729 1560 808 1605 eam
842 1539 1055 1608 sententiam
1087 1539 1272 1626 processit,
1303 1550 1345 1608 ut

165 1665 298 1714 nomen
332 1644 505 1738 Diogenis
524 1661 526 1666 ·
545 1655 688 1732 propter
723 1645 830 1714 aliam
865 1666 1009 1718 cansam
1044 1646 1082 1712 iu
1104 1643 1206 1731 'Lydi
1244 1646 1343 1714 ionte

165 1761 482 1822 commemoratum
515 1762 550 1819 et
580 1751 629 1824 ¹ub
660 1751 818 1820 homine·
837 1751 981 1820 incauto
1014 1763 1232 1822 commutata
1266 1775 1344 1822 esse

163 1858 375 1945 scriptorum
404 1859 550 1932 nomina
579 1860 745 1926 crederet.
786 1861 874 1926 ¹Hoc
902 1869 1022 1927 autem
1046 1861 1132 1944 loco,
1156 1860 1222 1930 etsi
1246 1861 1342 1948 apud

166 1953 399 2053 Porphyrium
425 1965 571 2034 Antonii
588 1965 761 2052 Diogenis
785 1987 915 2040 nomen
940 1968 1110 2058 omissum
1134 1978 1197 2051 est,
1222 1979 1342 2035 tamen

164 2096 185 2139 e
214 2082 383 2144 contextu
412 2065 447 2144 id
476 2073 714 2160 supplendum
745 2095 823 2140 esse
847 2073 1013 2146 Erwinus
1037 2073 1194 2162 Rohde³)
1217 2074 1344 2142 contir-

164 2179 289 2263 nravit3
311 2201 396 2246 uam
421 2180 492 2246 hae
506 2179 689 2266 Porphyrii
706 2180 922 2267 paragraphi
939 2176 1072 2247 32-44
1088 2201 1212 2248 omnes
1228 2181 1343 2250 vindis

163 2286 297 2352 candae
329 2296 415 2353 sunt
446 2286 611 2373 Diogeni,
644 2287 745 2354 cuius
772 2287 809 2353 in
839 2283 924 2372 §32
953 2289 1087 2357 mentio
1118 2288 1170 2356 fit.
1216 2289 1343 2376 Itaque

164 2393 253 2460 haec
275 2395 385 2461 verba
410 2393 564 2462 Antonio
589 2394 742 2480 Diogeni
767 2395 861 2482 apud
886 2396 1026 2480 Lydum
1052 2396 1240 2464 tribuenda
1263 2418 1343 2464 esse

166 2523 210 2567 ex
234 2501 421 2588 utriusque
444 2501 635 2567 commenti
660 2510 833 2568 concentu
858 2502 1005 2589 adparet
1029 2500 1085 2592 [ci.
1111 2503 1282 2591 Porphyr.'
1303 2504 1341 2570 in

162 2608 234 2672 vita
245 2605 460 2694 Pythagorae
471 2609 493 2692 θ
504 2604 548 2672 44
562 2615 606 2694 (p.
618 2605 761 2691 dlp-rr
775 2607 834 2696 N.)
847 2610 1031 2702 cum-Lyd.
1045 2611 1105 2692 IV,
1111 2634 1142 2676 ⁴²
1155 2611 1202 2698 (p.
1216 2607 1341 2704 loun}

271 2714 373 2798 Quae
389 2735 470 2781 cum
487 2714 536 2782 ita
549 2715 629 2799 sint,
645 2714 716 2784 iam
730 2713 920 2804 quaeritur,
937 2717 1031 2784 uude
1043 2717 1165 2802 Lydus
1175 2718 1340 2809 pendeat.

162 2820 330 2892 Erwinus
355 2821 511 2905 Romen
536 2822 631 2888 enim
654 2822 748 2910 quod
771 2823 869 2889 huuc
893 2824 984 2908 Lydi
1007 2825 1124 2892 locum
1149 2825 1299 2892 fluxisse·
1320 2849 1339 2894 e

164 2927 349 3015 Porphyrii
388 2927 478 2994 libro
515 2938 578 2995 aut
617 2951 661 2995 ex
677 3013 679 3018 ι
693 2929 779 3016 ipsis
813 2930 956 2998 Antonii
992 2931 1165 3018 Diogenis
1200 2933 1341 3020 scriptis

161 3033 291 3102 conicit
304 3087 314 3123 ,ἵ
348 3036 417 3102 hoc
451 3057 521 3101 non
558 3047 652 3104 recte
686 3036 858 3104 statuisse
889 3037 977 3104 mihi
1014 3037 1164 3109 videtur.
1222 3044 1341 3128 Atque

160 3140 313 3230 primum
351 3141 494 3229 quidem
532 3142 657 3210 titulus
692 3154 728 3220 et
755 3143 835 3210 libri
864 3165 1049 3229 numerus,
1083 3167 1188 3234 quem
1214 3149 1342 3231 Lydus

158 3273 204 3354 (p.
227 3246 326 3337 9iipr)
353 3241 477 3318 habet:
511 3250 673 3340 Διογένης
698 3237 1017 3342 ἐν’τριοκαιόςκάτῃ
1047 3243 1216 3336 ἀπίστων,
1245 3255 1341 3340 apud

162 3357 396 3446 Porphyrium
414 3357 552 3440 desunt,
569 3357 614 3423 ob
631 3351 785 3445 eamque
796 3378 939 3424 causam
957 3358 1033 3426 eius
1051 3359 1179 3426 librum
1199 3363 1339 3446 Lydum

162 3487 234 3533 non
267 3457 465 3551 inspexisse
499 3463 732 3551 perspicuum¹
758 3478 821 3532 est.
865 3457 1013 3556 Deinde
1044 3478 1163 3533 autem
1197 3469 1226 3534 si
1260 3472 1341 3557 quis

159 3573 258 3650 hune
272 3562 391 3638 locum
408 3592 452 3637 ex
464 3571 621 3637 Antonio
637 3571 836 3651 derivatum
854 3594 930 3650 esse
945 3584 1058 3659 putet,
1073 3596 1166 3641 nova
1179 3577 1342 3662 quaestio

160 3677 327 3761 nascitur,
364 3678 458 3746 uude
491 3677 627 3766 reliqua
659 3699 755 3764 quae
783 3691 820 3767 et
853 3673 935 3746 ante
962 3677 1149 3766 ¹Diogenis
1167 3683 1275 3749 verba
1304 3664 1341 3772 et

158 3796 242 3871 post
270 3806 312 3850 ea
340 3794 465 3851 extant
492 3783 621 3870 placita
645 3785 689 3850 de
712 3785 793 3851 iuba
818 3798 961 3872 sumpta
985 3786 1066 3853 sint.
1115 3789 1192 3854 Has
1217 3775 1338 3857 autem

164 3948 380 3956 -..ῃ-ψ

186 4035 216 4071 ”
272 4052 297 4139 ¹)
320 4031 561 4118 tn'nune'doct.
585 4037 719 4135 Gotting.
746 4038 830 4120 1854
854 4079 884 4135 p.
908 4049 926 4120 7
951 4079 994 4136 sq.
1105 4045 1107 4050 ,

270 4141 297 4224 ²)
319 4147 339 4206 i.
362 4163 391 4204 c.
413 4165 443 4223 p.
467 4144 519 4206 47.

271 4232 294 4310 ³)
317 4234 348 4291 in
369 4235 447 4292 Mus.
461 4233 559 4293 Rheu.
574 4233 679 4294 XXVI
694 4256 723 4312 p.
739 4237 804 4298 575
821 4259 866 4292 z
880 4231 990 4297 Kleine
1007 4237 1158 4303 Sturium
1174 4241 1203 4299 11
1217 4260 1248 4319 p.
1268 4241 1341 4302 126.

269 4323 295 4398 4)
320 4322 386 4381 Der
408 4323 593 4398 griechische
617 4325 734 4384 Roman
758 4347 788 4402 p.
804 4325 869 4387 255
893 4336 955 4386 not.

1225 4468 1243 4523 6
