3294 5056
786 276 1003 346 ..10-

308 514 445 578 aevum,
471 501 621 581 tempus,
645 503 905 582 tempestatem,
930 515 1073 580 annum,
1097 497 1218 564 statim
1235 497 1420 586 disputans
1436 496 1480 566 de

309 623 397 669 aevo
414 601 459 688 (p.
476 597 583 688 atur),
599 600 642 668 de
659 610 819 689 tempore
836 608 877 690 (p.
894 599 1000 690 aqu),
1022 603 1065 670 de
1082 611 1293 692 tempestate
1309 604 1357 693 (p.
1375 602 1479 690 bbpr).

310 709 447 775 Deinde
471 716 590 776 autem
614 708 650 774 in
668 709 746 793 §16
762 708 805 775 de
821 709 1003 777 stellarum
1021 711 1212 778 errantium
1230 712 1388 794 circuitu,
1411 733 1480 798 qno

310 837 425 882 annus
460 836 614 902 magnus
649 815 809 902 efficitur,
845 817 985 885 locutus
1009 818 1044 884 in
1070 821 1089 902 ξ
1114 815 1155 884 17
1180 819 1224 886 ad
1249 840 1382 888 annum
1406 840 1482 887 ver-

310 932 443 990 tentem
480 923 620 991 civilem
654 923 794 1009 recedit,
829 924 930 991 cuius
958 925 1100 992 initium
1130 926 1189 993 ille
1218 927 1391 995 describit
1439 929 1480 993 In

310 1027 395 1116 §18
420 1039 456 1098 et
478 1028 521 1097 19
546 1031 676 1116 Lydus,
711 1041 899 1120 postquam
935 1032 978 1099 de
1010 1034 1214 1101 caelestium
1238 1057 1355 1103 rerum
1381 1044 1480 1103 motu

310 1139 509 1226 explicavit,
531 1139 569 1204 in
593 1139 613 1227 ς
636 1136 680 1204 20
703 1139 747 1206 ad
772 1161 905 1206 annum
930 1161 1092 1208 reversus
1116 1141 1159 1208 de
1180 1163 1273 1209 anno
1291 1144 1481 1229 Lydorum,

310 1267 423 1333 pauca
458 1247 502 1313 de
526 1246 632 1313 Panis
660 1247 716 1313 dei
740 1256 867 1314 natura
895 1247 931 1313 in
960 1248 979 1336 ξ
1003 1244 1043 1313 21
1070 1246 1233 1333 adiciens,
1268 1250 1305 1316 in
1330 1253 1348 1334 ξ
1372 1245 1415 1316 22
1437 1248 1482 1316 de

310 1354 533 1440 singulorum
548 1354 723 1421 mensium
737 1353 941 1422 nominibus
954 1355 1048 1442 apud
1059 1355 1303 1442 Athenienses,
1317 1356 1481 1441 Graecos,

311 1460 502 1546 Hebraeos,
531 1461 738 1548 Aegyptios,
768 1464 950 1528 Romanos
978 1461 1143 1549 loquitur.
1189 1463 1244 1530 Ad
1272 1462 1338 1530 has
1362 1473 1481 1530 autem

310 1568 564 1656 explicationes
599 1568 699 1636 addit
732 1568 1015 1656 disquisitionem
1052 1570 1096 1635 de
1130 1569 1214 1636 anni
1249 1569 1352 1637 initio
1387 1569 1481 1657 apud

311 1675 538 1760 BabylonioS,
573 1675 786 1764 Aegyptios,
821 1675 991 1760 Graecos,
1030 1679 1211 1744 Romanos
1246 1686 1352 1764 atque
1387 1675 1482 1744 hunc

309 1783 439 1850 librum
464 1783 644 1851 concludit
667 1783 705 1849 in
728 1787 747 1868 ξ
770 1780 813 1849 23
837 1783 1039 1851 describens
1055 1783 1283 1852 indictionem
1300 1806 1320 1850 a
1337 1783 1482 1852 Graecis

312 1891 509 1982 ἐπινέμησιν
531 1899 705 1959 vocatam.

418 2017 519 2100 Quae
546 2016 627 2083 libri
655 2015 750 2084 tertii
779 2023 991 2102 argumenta
1021 2016 1183 2103 quamvis
1211 2015 1304 2085 inter
1331 2039 1369 2084 se
1396 2017 1482 2085 satis

312 2122 492 2210 disparilia
527 2132 635 2211 atque
669 2123 849 2190 incondita
883 2124 1005 2209 Lydus
1041 2132 1280 2211 comportasse
1311 2122 1482 2209 videatur,

312 2241 431 2298 tamen
460 2238 590 2298 certam
619 2231 792 2298 rationem
817 2241 959 2298 secutus
983 2231 1167 2319 disposuit.
1212 2231 1360 2319 Semper
1388 2231 1481 2298 enim

313 2340 355 2405 ad
381 2338 566 2406 materiam
591 2361 611 2406 a
636 2360 706 2426 qua
728 2338 875 2405 deflexit
898 2337 1092 2425 disputatio
1107 2336 1320 2413 reducimnr;
1345 2360 1372 2405 e.
1390 2361 1424 2424 g.
1439 2337 1483 2405 de

312 2469 405 2513 anno
429 2453 589 2514 vertente
613 2445 709 2513 civili
728 2445 765 2512 in
789 2451 809 2529 ἓ
833 2443 853 2511 5
878 2455 913 2514 et
936 2443 988 2530 17,
1012 2445 1055 2512 de
1079 2465 1201 2513 mense
1225 2445 1321 2514 civili
1343 2446 1380 2513 in
1404 2441 1484 2535 §10

312 2563 348 2620 et
371 2550 413 2618 22
438 2553 567 2640 agitur.
615 2556 695 2620 Hoc
719 2562 839 2620 autem
856 2553 961 2620 modo
978 2553 1099 2638 Lydus
1125 2554 1356 2640 adqim'endo
1372 2575 1484 2620 mense

313 2661 472 2726 naturali
492 2662 679 2748 proiectus,
711 2660 850 2727 etiamsi
882 2660 1094 2728 narrationis
1119 2660 1390 2727 continuitatem
1413 2681 1484 2727 mo·

311 2771 399 2834 leste
415 2767 604 2855 interrupit
620 2768 709 2854 (ci.§
733 2765 787 2836 18.
810 2765 877 2855 19),
901 2777 1088 2855 postquam
1112 2768 1149 2833 in
1174 2766 1289 2834 medio
1310 2768 1378 2834 hoc
1394 2767 1483 2835 libro

314 2878 354 2942 de
376 2898 468 2941 anno
489 2881 640 2942 vertente
663 2881 697 2941 et
718 2875 878 2940 naturali
897 2881 931 2940 et
953 2876 1053 2940 civili
1067 2874 1151 2962 egit,
1174 2875 1212 2941 in
1234 2882 1391 2942 extrema
1407 2875 1483 2942 eins

313 2991 413 3071 parte
436 3005 507 3050 non
532 2983 658 3050 inscite
682 2983 725 3050 ad
750 2983 919 3049 mensium
942 2983 1215 3070 descriptionem
1240 2983 1290 3050 ita
1314 2981 1412 3067 redit,
1444 2992 1484 3050 ut

312 3090 419 3157 huius
443 3090 522 3156 libri
546 3111 627 3156 cum
651 3099 777 3177 quarto
802 3089 1087 3157 coniunctionem
1111 3112 1183 3157 non
1207 3090 1388 3176 neglegat.

421 3216 527 3289 Liber
552 3216 677 3282 tertius
700 3215 812 3302 igitur
836 3214 928 3283 hanc
953 3215 1061 3284 totius
1086 3218 1126 3282 de
1149 3215 1320 3283 mensibus
1343 3219 1378 3280 et
1391 3220 1486 3281 anno

314 3323 573 3411 explanationis
598 3323 865 3410 dispositionem
889 3324 1046 3410 praebet:

354 3471 418 3538 ΑΙ.
442 3468 486 3534 de
509 3486 631 3532 mense
654 3465 807 3533 naturali
832 3467 937 3553 [111,2]

473 3574 509 3662 a)
533 3575 576 3640 de
600 3595 721 3641 mense
744 3574 850 3641 solari
875 3580 917 3663 (p.
933 3571 1013 3658 38,4)

474 3683 510 3762 b)
532 3681 575 3748 de
599 3701 720 3748 mense
743 3680 860 3748 lunari
882 3680 929 3769 (p.
945 3677 1025 3766 38‚s)

360 3813 418 3876 Bl.
443 3809 488 3876 de
499 3829 593 3875 anno
606 3814 767 3874 vertente
779 3805 932 3873 naturali
947 3808 1037 3893 [III,⁴
1057 3807 1099 3897 (p.
1112 3804 1308 3896 39‚1)÷111,s
1324 3803 1483 3895 (p.40,1s)]

339 3939 419 4003 BII.
443 3936 486 4002 de
511 3954 604 4000 anno
628 3941 789 4001 vertente
812 3931 908 4000 civili
932 3933 1034 4022 [Hip]

474 4042 509 4131 a)
532 4049 733 4109 exterarum
757 4039 943 4107 nationum

553 4149 590 4237 α)
613 4145 872 4236 Aegyptiorum
897 4147 942 4237 (p.
958 4145 1059 4237 aaa)

553 4256 590 4345 β)
613 4254 790 4323 Arcadum
815 4259 858 4343 (p.
875 4251 956 4342 40,2)
