3318 5050
771 365 1015 432 ...114.„

300 576 392 664 diem
422 577 541 663 igitur,
577 577 636 664 qui
673 579 728 646 vel
753 602 833 646 noe·

298 683 414 751 turnis
437 697 534 750 earet
551 685 712 768 tenebris,
738 688 833 754 lovis
881 745 883 777 ,

296 789 467 858 fiduciam
522 790 641 858 Tusco
692 794 833 860 nomine

300 907 527 980 vocaverunt,
545 899 638 966 unde
660 910 695 966 et
710 901 833 966 omnes
1465 962 1468 966 .

943 1010 1038 1090 IIl‚1o
1062 1007 1110 1094 (p.
1128 1005 1240 1088 4Ί,ιο);
1265 1004 1325 1088 τὰς
1345 1004 1476 1090 Εὶδσύς,

942 1115 1090 1182 τουτέστι
1104 1109 1165 1205 τὴν
1179 1112 1391 1205 μεσομηνίαν,
1412 1115 1476 1184 Διὶ

942 1209 1040 1310 ἤγουν
1053 1212 1157 1312 Ἡλίῳ
1172 1214 1336 1311 ἇνέφερον,
1355 1223 1477 1312 niqra·-

941 1325 1067 1396 λούνιον
1086 1321 1148 1410 τὰς
1167 1323 1287 1408 Εἱδούς
1301 1328 1476 1408 καλοῦντος

942 1433 1042 1504 οἱονεὶ
1068 1436 1321 1526 ντληροσὲληνον.

943 1544 1110 1630 111,1o(p.
1135 1539 1248 1624 47,12):
1276 1537 1314 1608 nd
1343 1541 1380 1608 δὲ
1407 1547 1476 1608 τῶν

942 1647 1050 1718 Εἷδιῦν
1077 1637 1181 1735 ὄνομα
1206 1641 1300 1736 παρὰ
1322 1648 1383 1733 μὲν
1404 1653 1477 1727 τοῖς

943 1758 1130 1837 πολιτικοῖς
1153 1757 1189 1822 ἑκ
1211 1761 1269 1821 τοῦ
1294 1751 1401 1834 εἴδους
1415 1760 1476 1842 τῆς

943 1861 1095 1954 Σελήνης,

302 1004 387 1071 Idus
427 1004 523 1072 Iovis
569 1005 672 1072 ferias
718 1006 833 1072 obser-

301 1111 436 1200 vandas
471 1111 590 1177 sanxit
628 1112 832 1198 antiquitas.

300 1563 340 1606 ιο.
379 1540 563 1606 nonnullis
597 1541 714 1626 placet
748 1540 833 1606 Idus

300 1647 412 1715 dictas
468 1647 639 1714 vocabulo
686 1646 832 1729 Graeco,

300 1747 372 1821 οἷον
406 1748 479 1821 ἀπὸ
503 1749 703 1836 wisiliano,
739 1753 833 1840 quod

301 1883 343 1928 eo
389 1861 446 1927 die
490 1862 632 1949 plenam
679 1861 832 1948 speciem

301 1968 385 2035 luna
408 1969 636 2035 demonstret.
665 1980 749 2035 sunt
773 1967 831 2054 qui

301 2075 491 2142 aestiment
504 2075 588 2142 Idus
602 2076 646 2140 ab
658 2097 725 2142 ove
739 2075 831 2141 lduli

301 2180 421 2262 dictas
456 2205 561 2269 quam
586 2183 654 2248 hoc
689 2181 832 2261 nomine

301 2299 430 2356 vocant
453 2288 573 2373 Tusci,
609 2299 645 2356 et
668 2288 832 2356 omnibus

301 2395 423 2484 ldibus
463 2396 539 2463 lovi
575 2397 779 2464 immolatur
812 2418 833 2460 a

301 2504 455 2570 flamine.

302 2635 340 2679 ιε.
366 2623 405 2677 ut
440 2623 559 2678 antem
590 2613 675 2677 Idus
710 2632 832 2677 omnes
943 2614 1046 2695 llI,ro
1075 2619 1121 2698 (p.
1146 2608 1248 2691 47,a):
1284 2607 1392 2680 ἰστέον
1425 2609 1472 2691 δέ,

302 2718 388 2802 Ιονὶ,
423 2719 473 2784 ita
502 2741 626 2784 ornnes
652 2719 832 2785 Kalendas
942 2713 990 2787 ὅτι
1014 2716 1049 2786 oi
1066 2717 1230 2787 Καλένδαι
1248 2709 1355 2804 Ἥρας
1377 2711 1474 2807 ἑορτὴ

301 2826 431 2893 lunoni
450 2825 601 2892 tributas
614 2838 649 2892 et
663 2827 832 2893 Varronis
942 2825 1128 2914 ἐτύγχανον,
1175 2823 1342 2894 τουτέστι.
1372 2819 1474 2911 Σελή-

302 2944 338 2999 et
394 2932 607 3020 pontificalis
668 2933 833 2999 adfirmat
942 2950 1015 3024 νης·
1034 2985 1042 2996 .
1060 2984 1067 2999 .
1086 2985 1092 3000 .
1109 2926 1347 3013 τὰςδέΕἶδούς
1347 2980 1474 3012 ......

302 3040 502 3107 auctoritas.
941 3041 1003 3109 Διὶ
1028 3029 1124 3130 ἤγουν
1146 3030 1250 3125 Ἡλίῳ
1274 3028 1441 3128 α’νέφερον.

300 3170 340 3212 ao.
363 3147 483 3213 lunam
506 3149 736 3214 aclunonem
754 3169 834 3214 ean·
943 3142 1231 3232 lIl,1o(p.47,s):
1270 3137 1380 3232 Ἥραν
1414 3137 1475 3231 τὴν

301 3253 381 3319 dem
406 3266 637 3339 putantes..
664 3305 702 3321 ..
943 3252 1087 3348 Σελήνην
1110 3243 1257 3336 ἐνόμιζον
1282 3244 1379 3319 εἶναι.
1429 3244 1432 3248 ’

942 2072 1036 2165 παρὰ
1070 2076 1106 2143 δὲ
1135 2082 1205 2156 τοῖς
1232 2074 1367 2162 ἱερεῦσιν
1398 2065 1473 2142 circi

942 2182 1063 2264 θυσίας
1099 2179 1187 2264 τινὸς
1223 2179 1361 2270 τρόπον,
1400 2174 1475 2271 ἥτις

941 2288 1081 2371 sidonias
1126 2281 1323 2375 ὠνομάζετο,
1370 2280 1476 2376 cipio-

942 2423 1043 2482 κομεν
1064 2395 1335 2487 εἷσενηνεγμὲνον.

408 3470 506 3553 Quas
531 3469 670 3538 tabulas
687 3472 901 3559 quicumque
918 3470 1010 3536 inter
1034 3489 1071 3534 se
1095 3465 1360 3552 comparaverit,
1384 3485 1475 3544 eum,
1547 3557 1551 3566 ι

302 3587 342 3642 ut
369 3576 506 3663 opinor,
536 3599 607 3643 non
635 3576 750 3663 lugiet
781 3588 816 3645 et
841 3575 1057 3644 Macrobium
1083 3573 1293 3658 Lydumque
1327 3571 1362 3637 in
1387 3569 1475 3638 satis

301 3682 424 3750 multis
447 3683 553 3750 rebus
577 3683 668 3750 inter
692 3706 730 3751 se
754 3684 842 3751 adeo
866 3682 1075 3770 conspirare,
1099 3690 1139 3746 ut
1162 3691 1282 3766 aperte
1296 3673 1474 3761 ¹Lydusin

301 3790 370 3856 hac
392 3789 601 3877 placitorum
627 3790 805 3876 farragine
828 3790 1006 3877 permulta
1029 3785 1269 3854 Suetonianae
1294 3783 1475 3852 doctrinae
1567 3879 1569 3884 Ι

304 3918 416 3982 grana
432 3897 534 3963 nobis
546 3897 742 3965 servaverit
757 3898 812 3983 (ci
825 3896 988 3983 inprimis
1002 3895 1089 3981 Lyd.
1104 3895 1197 3970 lllno
1211 3913 1292 3958 cum
1306 3889 1478 3957 Macrobi-

303 4003 381 4069 anis
396 4004 483 4070 locis
507 4004 801 4091 respondentibus
825 4005 861 4070 in
887 3999 990 4086 1‚15),
1015 4014 1051 4067 et
1062 4000 1141 4066 aliis
1156 3998 1243 4065 loeis
1263 3997 1355 4065 inter
1371 4019 1409 4063 se
1424 3996 1476 4066 ita

300 4111 522 4198 discrepare,
544 4122 584 4178 ut
619 4121 809 4198 utrumque
844 4130 1068 4198 nequaquam
1104 4129 1149 4176 ex
1179 4129 1250 4174 uno
1271 4105 1476 4192 ‘eodemque

302 4229 444 4285 auctore
479 4217 585 4284 simul
620 4217 772 4304 pendere
808 4217 1070 4303 intellegamus.
1117 4216 1196 4282 Hac
1224 4221 1345 4280 autem
1367 4213 1412 4278 de
1436 4231 1476 4278 re

302 4326 393 4392 inira
409 4347 568 4411 agamus,
591 4324 651 4390 sed
670 4323 790 4411 potius
807 4343 1027 4412 quaeramus,
1043 4342 1130 4390 num
1147 4319 1227 4388 aliis
1241 4317 1478 4407 paragraphis
