3294 5056
662 279 860 350 ..9-

175 501 247 568 iam
270 501 378 568 fuisse
401 509 484 569 ante
509 499 684 567 mensium
708 506 915 586 computum
939 497 1143 584 disputavit,
1166 497 1202 564 in
1227 494 1283 585 §2
1307 519 1345 564 se

176 609 312 676 confert
349 608 394 676 ad
432 606 673 675 deliniendum
713 627 871 674 mensem
907 605 1120 685 naturalem,
1156 604 1269 688 cuius,
1306 615 1346 672 ut

176 717 327 783 Ioannes
363 724 520 799 testatur,
553 715 644 782 duae
676 722 761 781 sunt
793 713 935 800 species
970 711 1063 800 quod
1092 721 1128 779 et
1150 711 1345 780 secundum

175 823 285 889 solem
310 827 355 910 (p.
372 819 455 906 38,4)
479 831 515 890 et
537 822 732 889 secundum
756 822 878 888 lunam
896 821 942 908 (p.
959 817 1041 906 38›⁸)
1058 821 1236 887 naturales
1253 820 1345 886 liunt

175 951 324 997 menses.
373 930 510 998 Deinde
545 937 664 998 autem
694 951 738 995 ne
767 928 811 996 de
845 949 938 995 anno
967 925 1097 1014 agendi
1125 926 1344 994 occasionem

176 1037 325 1122 omittat,
350 1037 565 1110 Laurentius
589 1036 634 1104 ad
659 1045 801 1104 tenuem
826 1035 869 1102 de
893 1043 1020 1102 natura
1042 1055 1159 1101 rerum
1184 1034 1221 1099 in
1238 1033 1257 1122 ξ
1274 1029 1295 1099 3
1311 1042 1345 1101 et

175 1142 219 1210 de
242 1144 383 1211 decadis
407 1154 535 1212 natura
557 1144 594 1210 in
612 1147 631 1228 ἓ
647 1145 667 1209 4
684 1142 961 1230 disputationem
978 1141 1159 1228 digressus
1175 1141 1212 1207 in
1229 1141 1344 1208 media

174 1252 398 1338 paragrapho
433 1249 454 1316 4
489 1273 553 1318 nos
587 1251 680 1337 rapit
706 1250 743 1316 in
778 1249 862 1328 anni
889 1249 1061 1317 vertentis
1089 1249 1260 1316 naturalis
1289 1248 1345 1315 de-

175 1357 383 1443 finitionem,
406 1380 497 1447 quae
522 1381 601 1426 cum
626 1357 861 1445 explicatione
884 1357 921 1422 in
937 1360 956 1438 ξ
971 1354 991 1422 5
1008 1364 1166 1423 extrema
1182 1356 1230 1444 (p.
1246 1353 1345 1444 lua)

176 1464 425 1552 coniungenda
449 1476 513 1533 est.
560 1467 677 1553 Atque
700 1464 820 1532 statim
845 1462 1052 1551 compilator
1076 1463 1112 1529 in
1136 1463 1155 1551 ξ
1179 1460 1200 1528 5
1224 1463 1268 1530 ad
1289 1487 1346 1530 ex-

175 1573 394 1660 planandum
412 1595 546 1642 annum
563 1583 770 1658 vertentem,
795 1594 899 1660 quem
917 1571 1077 1640 diversae
1094 1571 1257 1638 civitates
1277 1572 1344 1638 sibi

176 1701 336 1769 quaeque
370 1682 584 1766 statuebant,
623 1681 735 1748 veluti
770 1679 947 1767 Aegyptii,
983 1679 1144 1764 Arcades,
1178 1679 1345 1768 Sicyonii,

176 1789 305 1874 Latini,
334 1789 489 1856 Romani
516 1789 537 1854 i.
561 1811 590 1856 e.
620 1788 664 1856 ad
694 1788 956 1875 explanandum
985 1808 1118 1854 annum
1149 1795 1344 1855 vertentem

176 1896 316 1964 civilem
341 1917 378 1963 se
402 1896 586 1964 convertit.
634 1896 721 1963 Inde
738 1905 856 1962 autern
874 1894 1028 1962 breviter
1043 1916 1153 1981 agens
1170 1895 1207 1961 in
1223 1898 1242 1979 ξ
1258 1891 1345 1960 5-7

175 2003 220 2070 de
248 2007 389 2070 Numae
422 2012 459 2070 et
481 2003 640 2071 Caesaris
673 2025 766 2070 anno
799 2010 835 2070 et
865 2003 908 2069 de
940 2011 1116 2090 potestate
1149 2010 1345 2089 naturaque

174 2112 281 2178 lunae
316 2111 353 2176 in
382 2114 401 2196 ξ
424 2108 445 2176 8
474 2121 509 2178 et
536 2111 573 2177 in
602 2114 620 2196 ἓ
645 2109 665 2178 9
688 2110 733 2177 de
761 2110 854 2177 feriis
880 2109 1095 2194 sementivis,
1125 2131 1194 2196 qua
1223 2109 1259 2175 in
1289 2130 1346 2176 ex·

174 2218 365 2307 plicatione
389 2219 671 2306 disquisitionem
695 2219 739 2287 de
762 2229 889 2286 natura
904 2217 1094 2306 septenarii
1111 2227 1146 2284 et
1162 2217 1344 2284 novenarii

174 2348 261 2394 usus
285 2327 406 2393 eadem
432 2326 636 2414 disputandi
659 2326 805 2410 ratione,
829 2346 934 2413 quam
958 2325 996 2391 in
1019 2328 1155 2410 II,⁴-12
1174 2324 1216 2391 de
1233 2325 1344 2392 diver·

176 2455 295 2501 sorum
319 2455 546 2501 numerorum
571 2443 698 2502 natura
722 2433 965 2520 cognovimus,
989 2430 1121 2518 inserit,
1145 2432 1189 2499 ad
1213 2432 1345 2499 mensis

175 2541 288 2609 civilis
312 2540 556 2609 definitionem
580 2540 617 2606 in
642 2544 660 2626 ᾖ
684 2537 728 2606 10
750 2539 884 2624 transit,
909 2540 970 2607 ubi
986 2540 1030 2607 de
1047 2539 1158 2606 tribus
1175 2540 1345 2626 cuiusque

175 2648 307 2718 mensis
342 2649 437 2716 ieriis
460 2649 483 2718 i.
507 2671 536 2719 e.
559 2649 603 2715 de
628 2647 808 2732 Kalendis,
843 2647 966 2727 Nonis,
1001 2647 1125 2714 Idibus
1153 2668 1345 2735 earumque

175 2756 379 2824 nominibus
403 2755 604 2824 derivandis
628 2756 718 2842 agit3
747 2777 922 2843 exponere
951 2764 1070 2822 autem
1095 2755 1131 2821 in
1156 2755 1222 2822 hac
1244 2776 1344 2842 para·

175 2864 312 2952 grapho
337 2885 407 2931 non
431 2863 549 2931 minus
573 2863 701 2948 studet,
737 2863 865 2950 quibus
889 2863 943 2930 dis
968 2871 1215 2930 consecrentur
1238 2862 1345 2930 leriae

174 2971 347 3058 singulae,
384 2992 490 3058 quam
526 2980 611 3058 quot
645 2970 719 3038 dies
747 2968 882 3056 singuli
910 2991 1050 3038 menses
1078 2970 1344 3057 amplectantur.

175 3078 269 3146 Fuse
301 3078 456 3146 declarat
478 3078 651 3146 rationem
675 3077 837 3164 singulos
860 3077 935 3144 dies
964 3099 1010 3145 ex
1032 3077 1088 3144 his
1112 3076 1225 3144 tribus
1248 3076 1344 3143 feriis

175 3185 414 3274 computandi.
462 3189 536 3252 Iam
573 3207 657 3253 vero
686 3183 807 3270 Lydus
842 3184 1008 3271 quoniam
1044 3206 1103 3251 eas
1138 3182 1343 3251 summatim

176 3293 349 3377 tractavit,
372 3293 409 3358 in
433 3292 586 3379 singulis
602 3293 647 3359 ad
665 3313 724 3359 eas
740 3291 988 3358 describendas
1005 3291 1221 3378 aggreditur,
1246 3292 1346 3358 velut

174 3399 210 3464 in
235 3402 255 3483 ς
279 3398 319 3463 11
344 3399 387 3465 de
412 3399 592 3484 Kalendis,
623 3420 770 3485 quarum
797 3398 841 3465 ad
864 3398 1127 3486 descriptiones,
1155 3406 1343 3486 postquam

174 3506 211 3571 in
228 3505 248 3595 ξ
271 3504 312 3572 11
339 3507 451 3573 multa
467 3506 643 3573 mirabilia
659 3507 702 3572 de
718 3505 932 3572 animalibus
948 3505 1197 3593 lapidibusque
1213 3528 1343 3574 novam

173 3613 295 3680 lunam
325 3613 554 3681 adorantibus
583 3613 741 3679 narravit
768 3621 804 3679 et
831 3612 868 3678 in
896 3611 916 3701 ξ
946 3610 987 3678 12
1015 3613 1058 3679 de
1086 3613 1192 3680 lunae
1216 3622 1344 3680 natura

174 3720 350 3805 disseruit,
373 3720 410 3786 in
434 3720 453 3809 ξ
479 3719 519 3787 13
542 3721 732 3788 revertitur
755 3719 980 3809 breviterque
1008 3720 1138 3787 ibidem
1162 3721 1205 3787 de
1230 3721 1344 3788 Nonis

84 3817 88 3820 ’
174 3838 211 3896 et
226 3827 349 3894 Idibus
371 3829 511 3894 locutus
528 3829 572 3894 ad
590 3827 738 3915 triginta
753 3829 828 3896 dics
845 3850 883 3895 se
899 3828 1082 3913 convertit,
1107 3849 1195 3916 quos
1211 3828 1344 3895 mensis

175 3935 341 4003 continet.
388 3935 517 4004 Statim
541 3946 660 4003 autem
689 3934 781 4002 hanc
813 3935 1084 4024 explicationem
1112 3935 1149 4001 in
1178 3939 1197 4020 ξ
1220 3933 1264 4001 14
1295 3935 1344 4001 di-

173 4042 329 4128 sputatio
353 4043 396 4110 de
421 4043 596 4111 tricenarii
620 4044 756 4111 numeri
780 4054 908 4112 natura
932 4043 1168 4131 subsequitur.
1215 4043 1285 4112 Sed
1306 4043 1343 4109 in

174 4149 403 4236 sequentibus
426 4151 659 4237 paragraphis
682 4150 727 4234 id,
762 4150 855 4237 quod
879 4151 995 4218 adhuc
1017 4152 1186 4237 neglexit,
1222 4151 1343 4236 Lydus

173 4257 277 4324 aiiert
311 4266 347 4325 et
371 4256 497 4324 transit
523 4257 560 4324 in
584 4260 603 4341 ξ
628 4255 669 4323 15
693 4257 738 4325 ad
761 4257 1047 4329 distributionem
1071 4267 1269 4346 temporum
1293 4258 1342 4324 in:
