3294 5056
473 1197 475 1200 -
550 1255 552 1261 Ι
651 1145 871 1232 Praelatio.

278 1307 335 1378 Ex
363 1308 527 1376 omnibus
552 1310 696 1378 loannis
720 1312 904 1384 Laurentii
928 1310 1049 1401 Lydi1)
1074 1299 1342 1402 Philadelpheni

170 1415 344 1502 operibus,
367 1437 459 1502 quae
482 1417 527 1482 ab
551 1439 592 1484 eo
617 1418 813 1506 composita
837 1441 913 1486 esse
937 1442 956 1486 e
980 1429 1076 1488 certo
1101 1421 1216 1488 Photii
1234 1423 1339 1509 patri·

170 1522 297 1589 archae
320 1522 553 1612 testimoni02)
576 1524 717 1609 seimus,
743 1525 897 1593 maxime
924 1527 1079 1594 mutilati
1108 1529 1151 1594 ad
1182 1538 1339 1595 nostram

172 1639 325 1696 aetatem
357 1641 595 1718 pervenerunt
626 1630 705 1698 libri
737 1632 816 1720 περὶ
846 1639 958 1724 μηνῶν
983 1634 1156 1722 inscripti;
1191 1657 1340 1722 quorum

169 1759 282 1825 pauca
317 1739 564 1807 tantummodo
598 1738 791 1826 tenuiaque
828 1740 1031 1827 fragmenta
1070 1763 1150 1808 cum
1187 1752 1340 1810 exeunte

169 1846 310 1913 saeculo
341 1845 654 1929 duodevicesimo)
686 1869 730 1914 ex
761 1845 929 1915 diuturna
960 1847 1138 1916 oblivione
1164 1848 1201 1915 in
1225 1850 1340 1918 lucem

169 1963 333 2020 revocata
358 1963 486 2038 essent,
510 1952 587 2020 fieri
610 1975 681 2020 non
704 1953 830 2041 potuit,
858 1953 943 2041 quin
968 1954 1130 2023 certatim
1153 1955 1221 2026 viri
1245 1957 1339 2024 docti

168 2059 263 2127 hunc
291 2060 525 2129 novissimum
548 2060 747 2127 litterarum
772 2081 935 2148 campum
960 2061 1112 2149 ingressi
1136 2085 1200 2150 per
1223 2073 1337 2132 totum

168 2167 357 2254 superioris
381 2167 512 2234 saeculi
535 2167 689 2254 spatium
712 2167 883 2252 Lydianis
908 2169 1092 2256 excerptis,
1115 2191 1205 2257 quae
1229 2171 1339 2258 longe

167 2275 308 2360 lateque
330 2295 393 2361 per
416 2276 539 2340 omnes
562 2274 635 2340 iere
656 2274 792 2342 codices
809 2283 916 2362 atque
932 2275 1164 2343 bibliothecas
1180 2277 1338 2366 dispersa

74 2366 75 2370 ¹
168 2401 243 2446 esse
260 2381 546 2468 suspicabantur,
564 2381 783 2468 conligendis
803 2382 1106 2470 explanandisque
1123 2394 1230 2471 atque
1247 2385 1339 2454 inter

167 2509 205 2552 se
229 2487 481 2576 componendis
498 2487 650 2556 multum
675 2510 802 2576 operae
826 2499 1001 2557 navarent
1024 2490 1201 2578 huiusque
1217 2493 1337 2580 scripti

166 2594 314 2662 schedas
351 2595 530 2680 Lydianas
569 2593 605 2660 in
644 2586 843 2682 singulares
883 2597 1054 2665 editiones
1092 2599 1338 2687 redigerent.)

166 2705 306 2769 Horum
330 2711 450 2769 autem
475 2700 649 2768 editorum
669 2702 931 2770 recentissimus
956 2703 1130 2772 Ricardus
1153 2697 1332 2777 Wuensch

165 2821 352 2897 postquam
370 2830 432 2897 per
449 2807 598 2893 ltaliam,
615 2809 909 2897 Francogalliam,
926 2811 1138 2900 Hispaniam
1155 2815 1334 2902 profectus

167 2918 257 3006 Lydi
270 2918 470 3003 fragmenta
484 2915 528 2982 ad
537 2915 643 2982 hosce
652 2916 760 2984 libros
771 2917 985 3005 pertinentia
995 2919 1032 2986 in
1043 2921 1336 2990 bibliothecarum

164 3023 301 3090 scriniis
335 3023 511 3110 quaesivit
550 3046 591 3090 ac
628 3046 699 3090 non
736 3046 859 3111 pauca,
898 3048 990 3113 quae
1025 3027 1140 3095 adhuc
1178 3028 1333 3097 virorum

164 3131 348 3197 doctorum
379 3131 496 3198 studia
528 3132 738 3218 effugerant,
770 3131 807 3197 in
834 3133 950 3200 lucem
973 3133 1122 3220 protulit
1145 3135 1334 3224 denuoque

275 3346 300 3434 ¹)
321 3354 359 3412 de
382 3353 443 3411 vita
459 3353 524 3411 fuse
541 3353 664 3428 exponit
679 3352 778 3428 Lydus
794 3354 860 3429 ipse
877 3354 1005 3412 inlibris
1021 3355 1078 3424 „de
1094 3356 1335 3432 magistratibus“

164 3442 216 3512 lll,
232 3441 363 3503 26-30
379 3437 423 3525 (p.
443 3441 677 3510 113,0—119‚11
705 3442 753 3500 ed.
769 3436 949 3524 Wuensch);
974 3444 1117 3519 inspicias
1140 3447 1232 3503 etiam
1248 3446 1335 3504 Hasii

163 3533 420 3607 elegantissimum
444 3533 482 3589 de
498 3531 612 3590 Ioanne
629 3530 711 3606 Lydo
732 3534 982 3590 commentarium
1005 3553 1035 3609 p.
1051 3533 1108 3590 VII
1123 3551 1167 3609 sq.
1184 3542 1215 3592 et
1229 3535 1336 3594 Krollii

163 3621 381 3696 explicationes
408 3622 452 3678 in:
487 3620 622 3679 Berliner
648 3621 789 3696 philolog.
815 3621 1055 3680 Wochenschrist
1088 3621 1187 3681 XXIV
1219 3619 1335 3706 (1904)

163 3709 220 3768 No.
237 3709 278 3770 28
303 3730 332 3786 p.
351 3710 411 3771 871
432 3728 477 3786 sq.

169 3811 173 3819 '
272 3798 380 3876 ²)boc
397 3806 443 3858 est
460 3799 555 3858 Photii
570 3799 800 3858 testimonium
792 3818 823 3856 rn
841 3801 915 3858 bibl.
932 3803 1000 3860 cod.
1019 3801 1095 3862 180·
1121 3786 1179 3863 riva
1181 3794 1334 3888 γνώσθη-

162 3905 224 3950 σαν
244 3875 393 3952 Ἰωάννου
415 3882 623 3996 Λαυρεντίοα
641 3883 876 3994 memoriosae
898 3909 957 3951 τον
941 3887 1089 3952 ’Λυδοῦ
1104 3892 1332 3975 πραγματεῖαι

141 3978 271 4058 -τρεῒς·
299 3972 381 4061 περὶ
393 3970 614 4063 Διοσημείων,
641 3997 722 4057 περι
714 3971 873 4064 Μηνῶν,
900 3999 978 4062 περι
970 3964 1118 4062 Ἀρχῶν
1141 3976 1331 4044 πολιτικῶν.

270 4065 297 4145 ³)
322 4085 401 4128 anno
429 4067 512 4129 1794
529 4067 672 4126 Nicolaus
688 4067 840 4126 Schowius
856 4069 969 4144 primus
986 4069 1072 4126 huius
1087 4067 1213 4144 Lydiani
1229 4070 1333 4145 scripti

164 4157 325 4214 schedas
318 4176 348 4216 m
371 4159 527 4236 publicum
551 4157 658 4216 emisit

270 4245 296 4325 ⁴)
312 4267 388 4326 quas
405 4267 510 4309 omnes
526 4245 735 4310 enumeratas
727 4247 861 4305 invenies
874 4247 955 4321 apud
967 4247 1206 4305 Wuenschium'
1197 4266 1227 4304 m
1239 4247 1333 4323 praef.
1396 4317 1408 4344 k

123 4382 126 4387 ·
162 4353 210 4410 ed.
234 4373 264 4431 p.
279 4353 360 4413 Lxx
375 4373 418 4430 sq.
