3294 5056
810 1017 928 1104 Caput
951 1020 975 1088 Ι.

411 1179 473 1261 De
501 1180 665 1261 loannis
693 1179 898 1262 Laurentii
929 1179 1030 1286 Lydi
1061 1181 1102 1261 tn
1130 1178 1375 1261 adhibendis

580 1305 820 1388 auctoribus
848 1328 925 1386 usu
953 1327 1002 1386 ac
1032 1306 1204 1388 ratione.

412 1501 636 1589 Quicumque
664 1502 700 1568 in
730 1501 879 1570 alicuius
903 1501 1083 1589 scriptoris
1107 1501 1332 1591 maximeque
1356 1524 1495 1594 eorum

306 1609 365 1696 qui
382 1618 556 1678 vocantur
568 1609 815 1697 compilatores
828 1609 985 1676 fontibus
998 1608 1260 1696 investigandis
1273 1619 1478 1677 versaturus

305 1726 367 1802 est,
398 1739 479 1783 eum
503 1717 547 1783 ab
570 1716 647 1783 eius
671 1716 818 1784 rationis
842 1715 1014 1801 examine,
1043 1738 1113 1804 qua
1137 1738 1223 1783 usus
1247 1717 1306 1783 ille
1330 1716 1479 1805 scriptor

304 1825 411 1891 libros
427 1845 510 1891 suos
527 1823 774 1911 composuerit,
791 1823 1006 1910 quaestionis
1022 1822 1163 1890 initium
1181 1846 1320 1890 sumere
1336 1845 1479 1891 necesse

305 1941 372 2016 est;
396 1953 479 1998 uam
502 1931 540 1997 in
563 1931 631 1997 hac
653 1930 731 2019 ipsa
755 1953 791 1998 re
816 1930 899 2018 quia
923 1953 993 1998 non
1015 1952 1138 1997 omnes
1154 1939 1315 1998 auctores
1331 1931 1424 1998 inter
1440 1953 1479 1998 se

307 2039 514 2122 consentire,
544 2038 604 2104 sed
633 2039 842 2126 plerumque
866 2038 1017 2105 alterum
1041 2038 1085 2104 ab
1110 2038 1256 2105 alterius
1280 2060 1347 2105 usu
1372 2049 1479 2127 atque

305 2145 520 2233 compilandi
544 2145 799 2212 consuetudine
822 2144 1001 2212 discedere
1025 2154 1301 2213 consentaneum
1326 2155 1389 2230 est,
1412 2146 1479 2212 hac

305 2252 551 2340 disquisitione
584 2252 747 2320 absoluta
781 2251 971 2338 quaerendi
996 2252 1055 2318 via
1078 2253 1302 2339 praemunita
1326 2252 1478 2322 videtur.

308 2361 423 2448 Atque
451 2359 488 2425 in
517 2359 585 2425 hac
613 2358 755 2448 quidem
784 2358 990 2446 quaestione
1019 2359 1238 2447 expedienda
1267 2373 1307 2426 ut
1336 2359 1401 2428 toti
1430 2360 1480 2425 di-

306 2465 502 2556 sputationi
526 2488 602 2534 esse
626 2466 738 2555 possit
761 2465 1001 2552 fundamento,
1027 2489 1091 2534 nos
1114 2467 1158 2533 iis
1181 2467 1350 2534 librorum
1375 2467 1480 2552 Lydi-

307 2597 455 2642 anorum
485 2574 659 2661 partibus,
692 2595 842 2661 quarum
873 2583 1034 2641 auctores
1064 2575 1272 2661 superstites
1299 2575 1480 2659 habemus,

305 2683 411 2750 inniti
435 2703 497 2770 per
520 2703 558 2748 se
582 2681 808 2749 manifestum
833 2691 897 2750 est.
945 2682 1144 2749 Dolendum
1163 2691 1281 2748 autem
1300 2692 1362 2766 est,
1386 2682 1478 2770 quod

306 2811 377 2856 non
401 2790 514 2857 multa
538 2788 710 2855 eiusmodi
735 2790 898 2877 exempla
921 2789 989 2856 hac
1011 2789 1049 2854 in
1073 2789 1229 2877 permala
1253 2788 1373 2877 scripti
1399 2811 1478 2855 con-

308 2896 446 2963 dicione
469 2896 571 2962 nobis
595 2895 835 2983 suppeditant,

412 3002 676 3069 Nihilominus
701 3024 780 3069 cum
806 3002 850 3069 ad
875 3002 1120 3091 explicandam
1143 3003 1236 3069 hanc
1258 3023 1331 3068 rem
1354 3023 1479 3090 propo-

306 3110 411 3177 sitam
436 3109 654 3193 accedamus,
677 3109 770 3176 hauc
793 3109 1073 3177 ratiocinationis
1096 3109 1191 3177 viam
1209 3109 1477 3195 ingrediendam

307 3217 407 3283 nobis
431 3238 507 3283 esse
530 3225 626 3303 puto,
650 3226 691 3283 ut
712 3216 1010 3305 quemadmodum
1028 3217 1150 3302 Lydus
1166 3225 1277 3284 totam
1295 3216 1479 3283 materiam

308 3347 351 3392 ex
375 3323 576 3390 auctoribus
600 3324 805 3412 subreptam
831 3324 1054 3410 disposuerit,
1083 3324 1236 3410 primurn
1261 3344 1479 3408 quaeramus,

307 3430 434 3498 deinde
463 3439 582 3496 autem
610 3431 846 3519 inquiramus,
882 3452 971 3518 quas
1000 3440 1143 3497 secutus
1174 3430 1328 3497 rationes
1357 3431 1479 3515 Lydus

306 3537 414 3604 hosce
430 3537 538 3603 libros
555 3537 810 3625 conscripserit,
834 3537 996 3625 denique,
1012 3535 1134 3625 quales
1151 3537 1322 3625 cuiusque
1339 3537 1479 3624 generis

306 3645 421 3710 fontes
445 3643 504 3710 ille
527 3644 735 3732 plerumque
760 3644 971 3712 adhibuerit.

856 3840 929 3927 §L

588 3967 649 4050 De
678 3967 850 4075 Lydtarri
879 3968 1022 4072 operis
1051 3967 1202 4050 indole.

416 4128 507 4213 Lydi
538 4128 644 4194 libros
678 4138 845 4215 quattuor
877 4128 957 4218 περὶ
984 4134 1096 4220 μηνῶν
1123 4128 1310 4216 inscriptos
1339 4128 1369 4196 si
1399 4128 1478 4216 quis

309 4235 419 4301 oculis
443 4245 630 4323 percurret,
654 4235 691 4301 in
716 4235 869 4323 singulis
892 4237 964 4302 iere
987 4235 1138 4324 paginis,
1163 4236 1326 4323 quamvis
1351 4236 1480 4303 tenuis-

310 4342 398 4408 sima
435 4342 682 4411 tantummodo
717 4364 887 4431 persaepe
919 4344 1071 4423 frustula
1106 4343 1207 4411 nobis
1237 4343 1366 4411 tradita
1400 4345 1479 4428 sint,
