3294 5056
795 380 994 450 ..2-

311 595 470 667 conlecta
486 596 751 687 compositaque
766 599 969 686 fragmenta
980 597 1118 667 inlustri
1133 597 1314 667 volumine
1327 619 1482 686 compre-

307 706 421 773 hensa
433 705 577 793 Lipsiae
593 726 686 774 anno
701 701 791 772 1898
807 705 925 792 edidit,
949 706 1036 774 satis
1053 705 1195 773 firmum
1208 705 1480 774 tundamentum

309 813 400 898 lecit,
429 813 473 881 de
500 813 558 880 his
582 811 751 899 Lydianis
778 812 877 880 libris
905 813 1133 882 restituendis
1162 812 1296 900 optime
1324 813 1481 896 meritus,

310 921 346 988 id
370 921 463 1010 quod
487 920 591 989 iustis
614 920 779 988 laudibus
803 919 1029 989 concinentes
1046 921 1250 989 extulerunt
1270 942 1394 988 omnes
1410 921 1482 987 lere

309 1028 456 1097 litterati
479 1027 656 1117 iudices.¹)

418 1138 521 1204 Haec
555 1145 675 1204 autem
703 1135 867 1222 Lydiana
900 1137 1102 1224 fragmenta
1137 1158 1217 1204 cum
1253 1135 1383 1203 abhinc
1410 1157 1482 1202 non

311 1245 426 1312 multo
448 1243 530 1332 plus
553 1253 696 1310 centum
722 1265 834 1311 annos
858 1245 951 1311 foras
976 1243 1104 1311 emissa
1127 1243 1290 1328 iacerent,
1313 1243 1390 1310 fieri
1411 1265 1482 1310 non

310 1350 435 1439 potuit,
459 1350 545 1438 quin
568 1351 709 1419 diversa
734 1360 841 1439 atque
864 1352 982 1439 prouti
1006 1352 1161 1419 virorum
1186 1351 1370 1418 doctorum
1392 1351 1483 1417 alius

311 1459 461 1525 aliarum
485 1479 602 1527 rerum
621 1458 790 1527 maiorem
808 1458 1026 1527 minoremve
1043 1468 1242 1547 respectum
1260 1480 1338 1525 esse
1353 1457 1484 1525 haben-

311 1566 396 1632 dum
425 1574 569 1654 putaret
597 1576 660 1634 aut
688 1566 882 1633 austeriora
911 1575 975 1633 aut
1001 1566 1211 1653 benigniora
1239 1566 1283 1632 de
1306 1565 1362 1632 his
1386 1566 1483 1632 libris

312 1673 436 1761 quanti
467 1682 586 1741 essent
613 1672 717 1761 pretii
741 1672 871 1740 iudicia
895 1673 1100 1741 excitarent.
1148 1673 1219 1758 Qui
1243 1673 1338 1760 quod
1361 1694 1483 1739 omnes

312 1781 385 1847 fere
412 1779 522 1847 critici
553 1789 590 1847 et
616 1780 834 1867 antiquiores
865 1791 901 1849 et
927 1780 1139 1849 recentiores
1168 1803 1189 1847 a
1219 1779 1373 1868 Photi02)
1402 1781 1484 1846 inde

312 1909 425 1975 usque
453 1888 498 1955 ad
526 1888 809 1970 Wuenschium3)
838 1887 999 1956 unanimi
1028 1910 1141 1976 paene
1178 1909 1352 1955 consensu
1386 1888 1484 1954 illam

314 1995 546 2062 absurdarum
559 1995 758 2063 fabularum
770 1996 1030 2083 stultorumque
1039 1994 1250 2084 placitorum
1261 1993 1485 2082 farraginem,

314 2103 429 2189 qualis
459 2125 479 2169 a
508 2103 703 2176 Laurentio
731 2124 900 2191 persaepe
929 2103 1114 2191 profertur,
1148 2102 1410 2189 neglegendam
1444 2123 1485 2168 ac

313 2210 477 2278 vilissimi
489 2209 594 2298 pretii
606 2231 683 2276 esse
696 2209 980 2298 pronuntiarunt,
997 2231 1067 2276 non
1080 2209 1209 2276 mirum
1223 2220 1286 2276 est.
1318 2212 1485 2278 Attamen

313 2339 460 2405 „operae
484 2327 538 2398 est
560 2316 742 2405 pretium“,
766 2317 819 2383 uti
836 2316 1042 2388 Wuenschii
1067 2316 1214 2404 verbis⁴)
1238 2328 1326 2401 utar,
1350 2316 1486 2401 „multi-

316 2425 441 2491 fariam
463 2424 561 2491 illam
577 2424 784 2508 doctrinam,
809 2445 877 2510 qua
895 2423 1056 2509 Byzantii
1074 2424 1250 2510 quondam
1268 2424 1486 2491 excellebant

315 2530 392 2615 viri,
421 2531 482 2618 qui
511 2531 606 2599 docti
630 2531 860 2616 habebantur,
883 2530 1023 2618 plenius
1047 2551 1261 2618 cognoscere
1285 2542 1328 2616 et,
1356 2530 1485 2619 quain

316 2661 353 2705 re
369 2660 508 2705 summa
530 2637 615 2722 eius,
638 2660 729 2725 quae
745 2638 941 2712 Laurentio
958 2638 1104 2707 attribui
1120 2640 1218 2722 solet,
1240 2638 1356 2706 laudis
1371 2639 1486 2726 posita

318 2755 379 2831 est,
395 2744 513 2834 ipsum
529 2755 670 2813 secutos
686 2746 731 2813 ad
747 2746 863 2813 fontes
880 2745 1100 2830 adscendere,
1121 2768 1140 2812 e
1157 2745 1285 2833 quibus
1301 2745 1486 2813 scientiam

317 2874 419 2920 suam
442 2852 612 2922 hauserit.
653 2874 734 2920 cum
758 2875 842 2920 vero
866 2853 1007 2920 illorum
1030 2853 1182 2921 fontium
1201 2853 1359 2921 condicio
1376 2876 1416 2921 ea
1433 2853 1487 2938 sit,

319 2969 360 3027 ut
394 2969 555 3027 auctores
584 2958 786 3027 adhibuerit
809 2961 932 3045 Lydus
959 2959 1037 3048 ipso
1061 2982 1199 3049 semper
1222 2962 1293 3028 fere
1317 2947 1488 3045 meliores,¹

317 3067 379 3156 qui
392 3075 590 3155 temporum
607 3065 798 3155 iniquitate
813 3067 914 3134 nobis
932 3068 1062 3136 servati
1080 3089 1151 3134 non
1163 3078 1248 3135 sunt
1261 3107 1302 3117 —
1314 3067 1488 3156 imprimis

319 3196 379 3242 eos
403 3173 493 3258 dico,
517 3173 576 3261 qui
597 3174 814 3262 scripserunt
830 3173 873 3241 de
890 3178 1131 3242 Romanorum
1149 3175 1421 3263 antiquitatibus
1437 3159 1488 3259 4,

428 3359 453 3438 ¹)
478 3360 515 3418 cf.
539 3359 633 3418 Guil.
655 3361 750 3429 Kroll,
773 3361 849 3420 Berl.
873 3361 1014 3437 philolog.
1031 3361 1271 3420 Wochenschrift
1289 3360 1360 3418 XIX
1377 3355 1489 3443 (1899)

284 3489 286 3498 ,
319 3450 376 3511 No.
402 3448 444 3508 20
468 3469 497 3525 p.
521 3448 585 3511 612
603 3464 661 3525 sq.;
686 3451 716 3512 F.
742 3451 859 3519 Hirsch,
883 3451 1124 3509 Wochenschrilt
1146 3450 1192 3508 fiir
1213 3451 1302 3508 klass.
1325 3451 1489 3527 Philologie

318 3537 390 3596 XVI
412 3533 528 3620 (1899)
551 3538 608 3598 Νο.
623 3538 665 3599 37
690 3559 720 3615 p.
748 3539 831 3600 1009
849 3554 910 3616 sq.;
934 3540 993 3616 Hg,
1016 3540 1139 3598 Literar.
1155 3539 1355 3599 Centralblatt
1376 3536 1490 3623 (1899)

319 3627 377 3686 Νο.
393 3626 431 3687 31
451 3647 481 3703 p.
501 3625 584 3689 1069
601 3641 660 3709 sq.;
684 3629 743 3704 My,
765 3629 870 3687 Revue
894 3630 1021 3706 critique
1045 3625 1199 3687 d’histoire
1224 3637 1255 3687 et
1270 3630 1309 3687 de
1319 3630 1489 3692 ,litterature

319 3716 447 3775 XXXIV
471 3711 586 3799 (1900)
610 3717 667 3776 Νο.
692 3717 711 3779 6
735 3738 764 3794 p.
788 3717 829 3779 98
847 3737 891 3795 sq.

428 3799 455 3887 2)
478 3807 600 3865 Photius
629 3807 648 3864 1.
665 3825 691 3865 c.
714 3809 773 3867 hoc
802 3809 948 3867 iudicium
976 3807 1047 3870 fert:
1084 3793 1103 3892 ἦ
1132 3801 1213 3914 περ)
1241 3808 1353 3893 μηνῶν
1381 3827 1491 3891 πραγ-

319 3890 449 4001 parsl'p,
476 3887 506 3958 εἰ
528 3886 697 4002 11111πολῦ
720 3885 759 4006 rr}
783 3880 947 4005 dfqupsov
969 3889 1045 4002 d'xsq
1063 3882 1143 4003 'dats
1168 3917 1224 3959 ουν
1247 3887 1337 3979 πρὸς
1358 3885 1417 3983 τὴν
1431 3898 1492 3982 τῆς

321 3982 1491 4152 9111111119.1111111.1111111111.1...

321 4163 514 4240 mysticarum
545 4164 705 4222 multitudo
734 4207 1026 4229 ..........
1050 4165 1141 4242 digna
1170 4165 1218 4222 vix
1247 4165 1384 4230 videatur
1414 4183 1492 4234 esse,

323 4271 402 4329 quae
425 4253 555 4329 posteris
578 4253 737 4311 tradatur.“

430 4337 459 4426 ⁴)
482 4343 634 4401 Wuensch
659 4345 677 4400 1.
694 4359 720 4401 c.
