3318 5050
636 377 856 458 459-

155 596 308 666 welches
333 615 397 665 vor
414 595 609 688 συνέστηκεν
625 593 738 677 stand,
760 593 799 659 in
816 593 900 660 ἐπεί
912 592 1109 674 verandert,
1128 590 1338 676 umgestellt

156 705 232 773 und
259 725 299 770 so
327 703 385 770 die
413 702 535 770 aweite
568 701 803 788 Eigenschalt
829 699 891 766 der
914 698 1002 765 Zahl
1035 697 1184 783 Dreissig
1211 697 1337 763 durch-

161 811 330 879 einauder
360 809 504 896 gewirrt
525 810 590 875 hat
614 808 679 874 mit
701 807 763 875 der
788 816 915 890 ersten,
938 803 1232 873 wahrscheinlich
1255 804 1336 871 weil

158 940 197 986 er
230 917 287 984 die
316 920 437 986 Worte
471 916 571 983 nicht
606 914 786 995 verstand,
821 911 954 980 welche
989 913 1050 978 aul
1083 906 1186 1001 μηνὸς
1219 908 1338 991 κύκλος

157 1026 296 1111 lolgten
332 1023 408 1090 und
443 1024 522 1089 dem
547 1022 693 1090 Satzteil
716 1013 888 1087 ‘collectio
912 1019 1135 1114 singulorum
1159 1017 1335 1084 mensium

158 1133 263 1218 plena
278 1119 527 1196 delineatione’
544 1128 786 1216 entsprachen.
832 1127 968 1194 Sollten
991 1147 1028 1192 es
1045 1124 1224 1192 vielleicht
1240 1124 1338 1191 diese

159 1259 324 1324 gewesen
341 1237 431 1303 sein:
447 1233 603 1326 σύλλογος
619 1231 803 1325 διχομήκων
819 1230 939 1323 πλήρει
956 1229 1117 1323 agripenni?
1141 1270 1182 1280 —
1205 1231 1338 1297 Ferner

157 1344 241 1411 land
263 1365 300 1410 er
319 1343 369 1410 im
387 1341 642 1410 Griechischen
664 1332 883 1429 Ἡράκλειτος
898 1334 1012 1429 γενεάν
1027 1329 1130 1427 αὐτὴν
1144 1340 1239 1408 καλεῖ
1254 1339 1287 1411 d.
1302 1339 1336 1405 h.

157 1443 218 1539 τὴν
251 1447 482 1538 spasmata
518 1470 555 1514 er
590 1449 703 1534 bezog
737 1469 774 1514 es
809 1448 975 1532 dagegen
1010 1446 1144 1513 'sinnlos
1180 1447 1242 1512 aul
1272 1447 1337 1512 das

159 1555 580 1641 nachstvorhergehende
604 1555 676 1622 und
701 1563 810 1622 setzte
834 1553 944 1620 daher
965 1549 1023 1620 τὸν
1046 1557 1163 1643 μῆνα.“

268 1666 368 1731 Haec
404 1674 488 1729 sunt
522 1661 705 1746 Bernaysii
740 1660 858 1745 verba,
893 1660 954 1748 qui
989 1660 1066 1727 sine
1100 1660 1208 1727 dubio
1242 1671 1338 1728 recte

159 1769 418 1838 demonstravit
445 1789 525 1835 eum
557 1768 619 1854 qui
642 1768 737 1834 hunc
759 1775 876 1834 locum
901 1768 1076 1854 excerpsit
1099 1767 1222 1854 gravia
1247 1788 1339 1834 com·

159 1877 297 1946 misisse
330 1875 428 1944 vitia.
476 1875 581 1960 Quod
609 1867 728 1942 autem
757 1875 812 1941 vir
839 1875 964 1942 doctus
990 1875 1129 1959 Lydum
1159 1874 1275 1960 ipsum
1299 1876 1337 1941 in

159 1985 227 2050 hac
255 2006 292 2050 re
320 1983 510 2049 offendisse
538 1981 746 2070 suspicatur,
774 1982 843 2048 hoc
870 1981 959 2047 mihi
988 1982 1129 2049 videtur
1152 2003 1335 2069 perperam

160 2090 330 2158 docuisse.
376 2092 470 2155 Nam
501 2087 531 2154 si
561 2111 583 2155 a
613 2087 712 2173 Lydo
741 2088 819 2175 ipso
846 2088 942 2154 hune
969 2089 1086 2156 locum
1110 2111 1155 2155 ex
1180 2088 1338 2155 Philonis

160 2199 257 2264 tonte
287 2218 364 2263 esse
391 2185 596 2282 excerptu'm
628 2216 860 2279 censeremus,
889 2195 975 2281 quin
1005 2195 1073 2262 hoc
1096 2217 1236 2283 quoque
1259 2195 1337 2262 loco

161 2315 257 2371 certe
291 2306 445 2370 Ioannes
480 2302 701 2369 describendi
736 2302 907 2369 rationem
943 2312 1086 2370 secutus
1119 2302 1195 2368 eius
1231 2303 1338 2370 verba

161 2432 274 2498 paene
301 2431 365 2496 pro
401 2409 516 2476 verbis
544 2408 745 2476 redditurus
773 2407 936 2494 idemque
966 2430 1008 2474 ac
1033 2408 1134 2475 Philo
1161 2410 1338 2476 relaturus

161 2516 275 2600 luerit,
304 2517 339 2583 in
369 2517 516 2584 dubium
545 2537 672 2584 vocare
700 2537 771 2582 non
800 2536 998 2602 possumus.
1050 2517 1130 2600 Qua
1157 2517 1202 2583 de
1230 2538 1338 2583 cansa

162 2627 331 2692 Ioannem
358 2646 429 2691 uon
453 2623 569 2710 ipsum
595 2645 640 2688 ex
665 2622 822 2688 Philonis
846 2631 990 2690 auctore
1013 2623 1182 2707 hausisse,
1206 2623 1267 2690 sed
1292 2625 1339 2690 ab

162 2731 231 2796 alio
254 2731 409 2818 pendere
431 2729 520 2796 mihi
544 2729 686 2816 quidem
710 2728 902 2797 verisimile
926 2739 990 2796 est.

268 2836 336 2903 Sed
364 2838 431 2903 hoc
455 2835 597 2924 quidem
623 2845 836 2922 argumento
859 2835 926 2902 sibi
950 2858 1020 2904 non
1045 2839 1247 2924 persuaderi
1271 2840 1339 2905 lor·

163 2955 256 3013 tasse
293 2943 469 3031 quispiam
506 2942 645 3010 dixerit.
701 2945 868 3010 Attamen
901 2943 1021 3029 gravis
1055 2944 1125 3011 alia
1157 2945 1341 3014 invenitur

163 3073 284 3135 cansa,
303 3072 373 3137 qua
396 3050 657 3117 demonstretur
673 3049 764 3134 Lydi
782 3061 818 3117 et
835 3050 992 3117 Philonis
1014 3051 1154 3139 placita,
1173 3053 1339 3139 quamvis
1384 3053 1386 3057 ’

163 3157 292 3245 partim
310 3158 353 3223 ad
371 3157 521 3223 eundem
539 3166 719 3223 auctorem
737 3156 903 3223 ultimum
919 3158 1095 3242 recedant,
1111 3180 1338 3247 nequaquam

163 3287 207 3332 ex
224 3286 297 3330 uno
313 3264 507 3351 eodemque
523 3264 621 3329 lonte
638 3262 799 3349 proximo
811 3263 916 3330 simul
929 3264 1091 3349 fluxisse;
1107 3286 1188 3332 nam
1203 3267 1337 3334 lontem

163 3393 183 3437 a
212 3371 314 3456 Lydo
341 3369 540 3437 adhibitum
569 3379 651 3456 post
675 3369 831 3436 Philonis
861 3381 1015 3438 aetatem
1044 3373 1237 3459 perlectum
1262 3395 1341 3440 esse

162 3499 277 3560 nemo,
301 3486 343 3544 ut
358 3476 493 3564 opinor,
515 3476 671 3562 negabit,
694 3477 754 3562 qui
770 3477 858 3543 alios
874 3477 968 3544 locos
985 3488 1121 3546 attente
1136 3480 1339 3567 perlegerit.

163 3584 286 3671 Lydus
319 3583 413 3650 enim
445 3591 585 3671 praeter
617 3585 854 3650 narrationem
887 3583 931 3650 de
968 3585 1158 3673 septenarii
1200 3587 1339 3653 numeri

162 3703 291 3760 natura
313 3689 350 3755 in
380 3691 459 3775 II,12
485 3690 614 3756 laetam
638 3689 675 3754 in
698 3691 844 3757 secundi
867 3691 946 3758 libri
971 3691 1204 3780 paragraphis
1228 3691 1338 3758 4-11

161 3799 207 3866 de
231 3796 310 3864 aliis
332 3795 489 3863 numeris
513 3795 600 3882 agit,
623 3795 660 3861 in
684 3794 705 3861 4
721 3807 756 3863 et
772 3793 793 3862 6
809 3798 854 3863 de
870 3797 1027 3885 primarii
1043 3800 1181 3867 numeri
1197 3799 1341 3866 rationi-

163 3906 240 3989 bus,
261 3904 299 3969 in
327 3900 349 3968 7
376 3904 421 3969 de
449 3901 657 3985 secundarii,
681 3903 717 3968 in
741 3900 762 3968 8
786 3904 829 3970 de
854 3905 1005 3981 ternarii,
1029 3906 1065 3971 in
1090 3903 1110 3972 9
1133 3907 1178 3972 de
1201 3916 1341 3994 quater·

164 4010 265 4092 narii,
288 4009 325 4076 in
349 4005 393 4075 10
416 4010 461 4075 de
484 4008 645 4096 quinarii,
668 4009 705 4074 in
728 4007 769 4074 11
785 4011 830 4077 de
846 4011 983 4095 senarii,
1006 4013 1339 4080 mathematicorum

164 4117 295 4206 placita
318 4116 519 4200 venditans.
565 4116 667 4199 Quae
690 4117 809 4184 omnia
833 4139 905 4183 non
922 4119 1027 4185 modo
1042 4119 1119 4206 ipsa
1135 4120 1340 4207 argumenti

165 4223 342 4292 allinitate
377 4223 574 4306 cohaerent,
609 4222 670 4288 sed
699 4223 806 4290 etiam
835 4224 1040 4313 disputandi
1067 4227 1204 4294 ratione
1232 4236 1341 4313 atque

165 4328 423 4418 disquisitionis
445 4328 573 4411 indole,
598 4337 638 4394 ut
661 4351 767 4417 supra
783 4353 814 4418 p.
833 4328 853 4396 7
869 4332 1202 4418 demonstravimus,
1226 4354 1339 4401 unum
