3318 5050
664 323 907 400 -109-

185 560 253 638 pro
264 549 360 615 Maur
373 548 548 614 Mercurii
562 553 672 614 matre
688 567 791 633 quum
804 547 900 612 deam
916 552 1151 618 vocaverunt&
1170 546 1368 628 concorda-t,

192 655 386 724 Suetonius
423 675 562 742 quoque
593 653 724 720 Isidori·
754 665 876 722 auctor
911 652 947 718 in
983 651 1061 718 aliis
1089 651 1271 722 ducendus
1304 662 1369 719 est.

194 766 275 830 Hoc
303 761 409 828 modo
437 771 557 827 autem
587 760 632 826 ad
665 759 883 828 Suetonium·
910 759 1079 825 Macrobii
1108 769 1288 826 auctorem
1313 760 1373 848 de·

192 867 406 936 scendimus.
440 867 528 934 Cum
546 889 631 934 vero
647 878 683 934 et
700 865 869 933 Macrobii
886 877 922 933 et
935 866 1025 950 Lydi
1041 866 1150 932 verba
1165 865 1203 931 in
1219 875 1369 952 utroque

192 986 395 1042 commento
427 995 541 1061 paene
571 975 614 1040 ad
643 973 796 1042 litteram
826 973 928 1060 quasi
957 972 1050 1038 inter
1073 993 1111 1037 se
1134 972 1263 1039 similia
1288 973 1368 1056 sint,

195 1083 336 1167 Lydum
360 1081 428 1148 hoc
452 1101 593 1168 quoque
616 1082 693 1147 loco
710 1079 870 1148 Suetonii
887 1078 1083 1146 doctrinam
1105 1089 1267 1145 secutum
1291 1101 1370 1146 esse

194 1188 458 1257 concedendum
494 1198 559 1255 est.
622 1190 774 1254 loannes
809 1197 940 1270 autem,
979 1185 1008 1252 si
1048 1185 1123 1272 ipse
1158 1184 1370 1272 inspexisset

196 1296 365 1363 Macrobii
410 1305 600 1377 auctorem,
643 1315 687 1359 ex
731 1314 828 1359 more
865 1292 1084 1359 describendi
1124 1293 1212 1359 haec
1250 1293 1369 1358 omnia

200 1401 427 1469 Macrobiana
462 1401 506 1466 de
542 1400 626 1466 Maii
662 1399 793 1466 mensis
832 1400 976 1466 nomine
1014 1399 1143 1486 placita
1181 1400 1218 1464 iu
1254 1398 1371 1466 medio

195 1509 372 1597 posuisset
408 1507 522 1590 (deest
557 1507 651 1592 enim
681 1508 775 1594 apud
806 1506 946 1592 Lydum
979 1506 1144 1572 Macrobii
1181 1507 1370 1592 explicatio

194 1616 231 1681 in
257 1613 367 1697 [lun
387 1624 422 1681 et
438 1638 466 1680 ra
492 1614 605 1699 extu).
710 1673 713 1679 ,

302 1724 420 1809 Atque
436 1721 557 1787 omnia
573 1743 614 1787 ea
624 1721 769 1809 quidem
782 1743 873 1808 quae
884 1721 928 1787 de
938 1721 1113 1786 mensium
1128 1724 1369 1787 Romanorum

198 1853 219 1894 a
237 1829 341 1896 Iunio
365 1849 478 1914 usque
502 1827 547 1894 ad
565 1828 797 1895 Decembrem
821 1827 1024 1894 nominibus
1040 1828 1134 1914 apud
1154 1827 1369 1893 Macrobium

196 1932 387 2019 Iliso-eu
424 1945 561 2016 extant,
596 1935 646 2000 ita
680 1935 833 2021 legimus
862 1935 955 2022 apud
985 1935 1139 2019 Lydum,
1176 1944 1216 2000 ut
1251 1945 1371 2020 aperte

194 2042 252 2107 his
276 2062 417 2128 quoque
439 2041 525 2108 locis
545 2041 760 2107 Macrobiani
777 2042 931 2108 auctoris
954 2041 973 2107 i.
991 2063 1020 2109 e.
1037 2040 1199 2107 Suetonii
1219 2041 1371 2127 vestigia

195 2149 371 2235 presserit
419 2149 468 2218 Et
491 2149 574 2215 huic
597 2147 756 2235 opinioni
782 2148 957 2230 convenit,
982 2149 1074 2235 quod
1095 2148 1309 2214 Censorinus
1333 2147 1370 2213 in

195 2253 278 2338 22,st
301 2278 351 2342 sq.
379 2266 416 2322 et
443 2255 600 2322 Isidorus
630 2257 657 2320 1.=
672 2277 700 2323 c.
731 2256 853 2322 eadem
883 2257 954 2321 iere
989 2255 1145 2322 breviter
1180 2256 1372 2342 proferunt.

306 2366 381 2428 lam
412 2383 495 2429 vero
524 2362 730 2448 priusquam
760 2384 982 2449 quaeramus,
1017 2384 1102 2427 num
1135 2361 1257 2446 Lydus
1293 2361 1371 2427 aliis

197 2490 338 2556 quoque
354 2469 440 2534 locis
458 2469 674 2535 Macrobiani
692 2469 845 2535 auctoris
860 2469 1011 2556 vestigia
1028 2469 1203 2556 presserit,
1219 2468 1372 2535 breviter

198 2576 482 2662 complectamur,
500 2573 584 2661 quid
602 2575 670 2640 hac
683 2576 890 2660 quaestione
903 2577 1054 2643 assecuti
1067 2576 1193 2642 simus:
1218 2576 1370 2663 primum

200 2681 368 2748 Macrobii
399 2682 654 2781 explicationes
679 2703 699 2747 a
723 2683 907 2748 Censorini
934 2683 971 2748 iu
996 2683 1046 2748 eis
1069 2682 1178 2748 libelli
1204 2683 1373 2769 partibus,

198 2810 286 2874 quas
321 2789 492 2857 Weberus
536 2788 580 2854 ad
620 2789 833 2856 Suetonium
878 2789 1071 2871 deduxerit,
1116 2798 1151 2854 et
1196 2813 1216 2855 a
1259 2790 1372 2857 Solini
1486 2833 1490 2840 -

199 2894 394 2980 Isidorique
424 2895 705 2981 expositionibus
735 2916 808 2961 non
836 2896 924 2962 adeo
951 2895 1100 2978 differre,
1138 2909 1178 2962 ut
1213 2896 1371 2962 eiusdem

198 3002 390 3068 commenti
427 3002 460 3083 (i.
495 3025 523 3067 e.
557 3001 764 3068 Suetoniani
800 3002 878 3068 libri
920 3003 960 3067 de
996 3025 1089 3068 anno
1123 3005 1378 3078 Romanorum)

199 3109 406 3195 apographa
442 3129 518 3174 esse
552 3131 624 3174 non
662 3109 867 3185 videantur;
902 3108 1030 3176 deiude
1065 3111 1204 3192 Lydum
1241 3113 1375 3176 Macro-

201 3215 370 3301 biumque
399 3226 470 3281 tam
497 3216 590 3282 iuter
612 3238 650 3281 se
674 3215 805 3281 similia
829 3238 978 3298 narrare,
1008 3228 1049 3284 ut
1072 3217 1100 3282 si
1126 3239 1195 3283 non
1221 3216 1372 3282 eundem

201 3334 380 3388 auctorem
417 3322 627 3406 proximum,
663 3332 780 3389 tamen
818 3324 983 3390 ultimum
1021 3323 1247 3389 adhibuerint
1282 3324 1314 3403 (i.
1344 3346 1373 3390 e.

202 3428 439 3514 Suetonium).
488 3430 623 3498 Eadem
658 3440 778 3497 autem
813 3430 904 3497 ratio
938 3430 1124 3498 intercedit
1159 3431 1251 3496 inter
1286 3431 1376 3497 alios

200 3556 343 3622 quoque
371 3535 615 3602 Macrobianos
645 3536 895 3624 Lydianosque
927 3539 1031 3618 locos,
1067 3557 1216 3622 quorum
1253 3539 1375 3604 tabula

200 3641 288 3708 haec
312 3651 379 3707 est:

353 3836 500 3903 Macrob.
518 3834 590 3902 113
804 3915 807 3932 Ι
1064 3840 1149 3924 Lyd.

201 3987 227 4030 ν.
256 3963 367 4029 iactos
405 3961 665 4049 quinquaginta
699 3972 735 4028 et
843 3966 925 4047 Ill,⁵
951 3964 999 4052 (p.
1017 3961 1109 4053 tuq:
1134 3961 1222 4053 πρὸς
1244 3971 1303 4032 τοῦ
1318 3973 1377 4048 βα·

204 4091 267 4135 sex
277 4069 353 4134 dies
364 4069 401 4134 in
413 4070 503 4134 duos
514 4089 627 4136 novos
640 4091 736 4136 men·
844 4070 965 4151 σιλέως
987 4077 1106 4158 Νουμᾶ
1128 4071 1183 4139 καὶ
1199 4071 1301 4161 ἕτεροι
1317 4055 1376 4140 δύο

202 4195 258 4242 ses
281 4175 358 4262 pari
382 4174 517 4242 ratione
540 4175 670 4258 divisit,
844 4177 1114 4269 προσετέθησαν,
1170 4185 1272 4269 τιμῆς
1316 4179 1387 4264 μὲν·

200 4305 226 4349 ³.
252 4303 292 4347 ac
327 4282 379 4348 de,
410 4282 559 4348 duobus
582 4281 732 4368 priorem
843 4283 936 4350 ἕνεκα
958 4291 1043 4351 ’τῶν
1085 4291 1209 4378 acquic
1253 4277 1270 4351 ὁ
1315 4276 1377 4352 Ἰα-
