<?xml version="1.0" encoding="UTF-8"?>
<!DOCTYPE html PUBLIC "-//W3C//DTD XHTML 1.0 Transitional//EN"
    "http://www.w3.org/TR/xhtml1/DTD/xhtml1-transitional.dtd">
<html xmlns="http://www.w3.org/1999/xhtml" xml:lang="en" lang="en">
 <head>
  <title>
</title>
<meta http-equiv="Content-Type" content="text/html;charset=utf-8" />
  <meta name='ocr-system' content='tesseract 3.04.00' />
  <meta name='ocr-capabilities' content='ocr_page ocr_carea ocr_par ocr_line ocrx_word'/>
</head>
<body>
  <div class='ocr_page' id='page_1' title='image "./deioannislauren00bluhgoog_0119.png"; bbox 0 0 3318 5050; ppageno 0'>
   <div class='ocr_carea' id='block_1_1' title="bbox 756 331 999 400">
    <p class='ocr_par' dir='ltr' id='par_1_1' title="bbox 756 331 999 400">
     <span class='ocr_line' id='line_1_1' title="bbox 756 331 999 400; baseline 0 0"><span class='ocrx_word' id='word_1_1' title='bbox 756 331 999 400; x_wconf 81' lang='lat'>-108-</span> 
     </span>
    </p>
   </div>
   <div class='ocr_carea' id='block_1_2' title="bbox 200 547 1470 634">
    <p class='ocr_par' dir='ltr' id='par_1_2' title="bbox 200 547 1470 634">
     <span class='ocr_line' id='line_1_2' title="bbox 200 547 1470 634; baseline -0.002 -19"><span class='ocrx_word' id='word_1_2' title='bbox 200 550 203 556; x_wconf 82' lang='grc'>’</span> <span class='ocrx_word' id='word_1_3' title='bbox 295 559 423 619; x_wconf 84' lang='lat' dir='ltr'>tamen.</span> <span class='ocrx_word' id='word_1_4' title='bbox 475 551 517 614; x_wconf 87' lang='lat' dir='ltr'>M.</span> <span class='ocrx_word' id='word_1_5' title='bbox 538 548 787 634; x_wconf 81' lang='lat' dir='ltr'>Schmidtius1)</span> <span class='ocrx_word' id='word_1_6' title='bbox 811 548 904 614; x_wconf 86' lang='lat' dir='ltr'>enim</span> <span class='ocrx_word' id='word_1_7' title='bbox 931 547 1125 614; x_wconf 85' lang='lat' dir='ltr'>Philoxeno</span> <span class='ocrx_word' id='word_1_8' title='bbox 1150 547 1384 634; x_wconf 89' lang='lat' dir='ltr'>grammatico</span> <span class='ocrx_word' id='word_1_9' title='bbox 1409 571 1470 614; x_wconf 87' lang='lat' dir='ltr'>eas</span> 
     </span>
    </p>
   </div>
   <div class='ocr_carea' id='block_1_3' title="bbox 294 641 1496 3840">
    <p class='ocr_par' dir='ltr' id='par_1_3' title="bbox 294 641 1496 3840">
     <span class='ocr_line' id='line_1_3' title="bbox 294 641 1471 742; baseline -0.001 -20"><span class='ocrx_word' id='word_1_10' title='bbox 294 655 413 722; x_wconf 89' lang='lat' dir='ltr'>deberi</span> <span class='ocrx_word' id='word_1_11' title='bbox 449 656 614 742; x_wconf 79' lang='lat' dir='ltr'>opinatur</span> <span class='ocrx_word' id='word_1_12' title='bbox 649 641 777 733; x_wconf 52' lang='lat' dir='ltr'>simile]¹</span> <span class='ocrx_word' id='word_1_13' title='bbox 792 655 1029 740; x_wconf 77' lang='lat' dir='ltr'>fragmentum</span> <span class='ocrx_word' id='word_1_14' title='bbox 1067 655 1226 728; x_wconf 75' lang='lat' dir='ltr'>afferens.</span> <span class='ocrx_word' id='word_1_15' title='bbox 1262 656 1354 740; x_wconf 92' lang='lat' dir='ltr'>quod</span> <span class='ocrx_word' id='word_1_16' title='bbox 1385 656 1471 721; x_wconf 93' lang='lat' dir='ltr'>Orio</span> 
     </span>
     <span class='ocr_line' id='line_1_4' title="bbox 295 760 1496 854; baseline -0.001 -27"><span class='ocrx_word' id='word_1_17' title='bbox 295 761 490 828; x_wconf 83' lang='lat' dir='ltr'>Thebanus</span> <span class='ocrx_word' id='word_1_18' title='bbox 519 783 538 828; x_wconf 91' lang='lat' dir='ltr'>e</span> <span class='ocrx_word' id='word_1_19' title='bbox 568 761 760 846; x_wconf 83' lang='lat' dir='ltr'>Philoxeno</span> <span class='ocrx_word' id='word_1_20' title='bbox 791 761 982 827; x_wconf 90' lang='lat' dir='ltr'>arcessivit.</span> <span class='ocrx_word' id='word_1_21' title='bbox 1030 762 1146 845; x_wconf 84' lang='lat' dir='ltr'>Quam</span> <span class='ocrx_word' id='word_1_22' title='bbox 1177 760 1363 828; x_wconf 89' lang='lat' dir='ltr'>Schmidtii</span> <span class='ocrx_word' id='word_1_23' title='bbox 1394 783 1496 854; x_wconf 51' lang='lat' dir='ltr'>sen-¹</span> 
     </span>
     <span class='ocr_line' id='line_1_5' title="bbox 298 867 1469 955; baseline 0 -21"><span class='ocrx_word' id='word_1_24' title='bbox 298 868 445 935; x_wconf 90' lang='lat' dir='ltr'>tentiam</span> <span class='ocrx_word' id='word_1_25' title='bbox 464 867 609 955; x_wconf 81' lang='lat' dir='ltr'>egregie</span> <span class='ocrx_word' id='word_1_26' title='bbox 625 869 756 934; x_wconf 74' lang='lat' dir='ltr'>refutat</span> <span class='ocrx_word' id='word_1_27' title='bbox 772 870 796 932; x_wconf 87' lang='lat'>1.</span> <span class='ocrx_word' id='word_1_28' title='bbox 816 868 871 939; x_wconf 85' lang='lat' dir='ltr'>Fr.</span> <span class='ocrx_word' id='word_1_29' title='bbox 888 867 1054 934; x_wconf 89' lang='lat' dir='ltr'>Schultze</span> <span class='ocrx_word' id='word_1_30' title='bbox 1070 867 1107 933; x_wconf 93' lang='lat' dir='ltr'>in</span> <span class='ocrx_word' id='word_1_31' title='bbox 1124 869 1220 934; x_wconf 91' lang='lat' dir='ltr'>hunc</span> <span class='ocrx_word' id='word_1_32' title='bbox 1235 869 1307 934; x_wconf 79' lang='lat' dir='ltr'>iere</span> <span class='ocrx_word' id='word_1_33' title='bbox 1325 869 1469 934; x_wconf 89' lang='lat' dir='ltr'>modurn</span> 
     </span>
     <span class='ocr_line' id='line_1_6' title="bbox 296 973 1472 1063; baseline -0.001 -21"><span class='ocrx_word' id='word_1_34' title='bbox 296 974 479 1063; x_wconf 84' lang='lat' dir='ltr'>locutus2):</span> <span class='ocrx_word' id='word_1_35' title='bbox 515 997 577 1058; x_wconf 89' lang='lat' dir='ltr'>„ex</span> <span class='ocrx_word' id='word_1_36' title='bbox 611 975 687 1040; x_wconf 90' lang='lat' dir='ltr'>loco</span> <span class='ocrx_word' id='word_1_37' title='bbox 716 975 817 1041; x_wconf 81' lang='lat' dir='ltr'>foede</span> <span class='ocrx_word' id='word_1_38' title='bbox 845 975 998 1041; x_wconf 88' lang='lat' dir='ltr'>lacerato</span> <span class='ocrx_word' id='word_1_39' title='bbox 1028 973 1115 1040; x_wconf 85' lang='lat' dir='ltr'><strong>nihil</strong></span> <span class='ocrx_word' id='word_1_40' title='bbox 1145 994 1359 1059; x_wconf 80' lang='lat' dir='ltr'><strong>cognoscere</strong></span> <span class='ocrx_word' id='word_1_41' title='bbox 1386 975 1472 1041; x_wconf 88' lang='lat' dir='ltr'>licet</span> 
     </span>
     <span class='ocr_line' id='line_1_7' title="bbox 296 1063 1471 1172; baseline -0.003 -23"><span class='ocrx_word' id='word_1_42' title='bbox 296 1104 405 1172; x_wconf 90' lang='lat' dir='ltr'>quam</span> <span class='ocrx_word' id='word_1_43' title='bbox 436 1081 668 1156; x_wconf 79' lang='lat' dir='ltr'><strong>Philoxenum</strong></span> <span class='ocrx_word' id='word_1_44' title='bbox 698 1081 839 1162; x_wconf 85' lang='lat' dir='ltr'>dixisse,</span> <span class='ocrx_word' id='word_1_45' title='bbox 868 1081 1055 1167; x_wconf 84' lang='lat' dir='ltr'>dupliciter</span> <span class='ocrx_word' id='word_1_46' title='bbox 1084 1063 1227 1147; x_wconf 83' lang='lat' dir='ltr'>Maium</span> <span class='ocrx_word' id='word_1_47' title='bbox 1249 1081 1471 1150; x_wconf 87' lang='lat' dir='ltr'>denominari</span> 
     </span>
     <span class='ocr_line' id='line_1_8' title="bbox 297 1187 1474 1279; baseline 0.002 -22"><span class='ocrx_word' id='word_1_48' title='bbox 297 1211 401 1279; x_wconf 90' lang='lat' dir='ltr'>posse</span> <span class='ocrx_word' id='word_1_49' title='bbox 417 1199 481 1255; x_wconf 91' lang='lat' dir='ltr'>aut</span> <span class='ocrx_word' id='word_1_50' title='bbox 495 1210 516 1254; x_wconf 88' lang='lat' dir='ltr'>a</span> <span class='ocrx_word' id='word_1_51' title='bbox 533 1189 727 1268; x_wconf 76' lang='lat' dir='ltr'>maiestate,</span> <span class='ocrx_word' id='word_1_52' title='bbox 743 1187 778 1253; x_wconf 90' lang='lat' dir='ltr'>id</span> <span class='ocrx_word' id='word_1_53' title='bbox 795 1188 887 1274; x_wconf 93' lang='lat' dir='ltr'>quod</span> <span class='ocrx_word' id='word_1_54' title='bbox 903 1189 1094 1274; x_wconf 91' lang='lat' dir='ltr'>Calpurnio</span> <span class='ocrx_word' id='word_1_55' title='bbox 1112 1189 1229 1255; x_wconf 93' lang='lat' dir='ltr'>Pisoni</span> <span class='ocrx_word' id='word_1_56' title='bbox 1246 1211 1300 1275; x_wconf 90' lang='lat' dir='ltr'>ap.</span> <span class='ocrx_word' id='word_1_57' title='bbox 1315 1189 1474 1259; x_wconf 76' lang='lat' dir='ltr'>Macrob</span> 
     </span>
     <span class='ocr_line' id='line_1_9' title="bbox 297 1291 1475 1383; baseline -0.004 -19"><span class='ocrx_word' id='word_1_58' title='bbox 297 1308 363 1365; x_wconf 91' lang='lat' dir='ltr'>sat.</span> <span class='ocrx_word' id='word_1_59' title='bbox 381 1293 463 1380; x_wconf 82' lang='lat'>1‚1·2</span> <span class='ocrx_word' id='word_1_60' title='bbox 487 1317 522 1383; x_wconf 90' lang='lat' dir='ltr'>p.</span> <span class='ocrx_word' id='word_1_61' title='bbox 545 1291 611 1361; x_wconf 81' lang='lat'>266</span> <span class='ocrx_word' id='word_1_62' title='bbox 636 1295 894 1378; x_wconf 82' lang='lat' dir='ltr'>Zeun.&#39;arrisit,</span> <span class='ocrx_word' id='word_1_63' title='bbox 926 1305 1033 1361; x_wconf 91' lang='lat' dir='ltr'>auta</span> <span class='ocrx_word' id='word_1_64' title='bbox 1066 1294 1160 1363; x_wconf 86' lang='lat' dir='ltr'>Maia</span> <span class='ocrx_word' id='word_1_65' title='bbox 1196 1295 1351 1362; x_wconf 87' lang='lat' dir='ltr'>Atlantis</span> <span class='ocrx_word' id='word_1_66' title='bbox 1388 1294 1475 1368; x_wconf 62' lang='lat' dir='ltr'>filiar</span> 
     </span>
     <span class='ocr_line' id='line_1_10' title="bbox 298 1400 1474 1489; baseline -0.003 -19"><span class='ocrx_word' id='word_1_67' title='bbox 298 1406 346 1470; x_wconf 84' lang='lat' dir='ltr'>At</span> <span class='ocrx_word' id='word_1_68' title='bbox 380 1405 502 1489; x_wconf 90' lang='lat' dir='ltr'>Lydus</span> <span class='ocrx_word' id='word_1_69' title='bbox 540 1403 784 1468; x_wconf 88' lang='lat' dir='ltr'>tantummodo</span> <span class='ocrx_word' id='word_1_70' title='bbox 821 1402 864 1467; x_wconf 92' lang='lat' dir='ltr'>de</span> <span class='ocrx_word' id='word_1_71' title='bbox 901 1400 995 1468; x_wconf 88' lang='lat' dir='ltr'>Maia</span> <span class='ocrx_word' id='word_1_72' title='bbox 1029 1403 1215 1489; x_wconf 84' lang='lat' dir='ltr'>loquitnr“.</span> <span class='ocrx_word' id='word_1_73' title='bbox 1277 1404 1351 1468; x_wconf 91' lang='lat' dir='ltr'>Iarn</span> <span class='ocrx_word' id='word_1_74' title='bbox 1389 1424 1474 1469; x_wconf 88' lang='lat' dir='ltr'>vero</span> 
     </span>
     <span class='ocr_line' id='line_1_11' title="bbox 299 1501 1472 1596; baseline -0.003 -18"><span class='ocrx_word' id='word_1_75' title='bbox 299 1501 501 1584; x_wconf 80' lang='lat' dir='ltr'>Schultzius</span> <span class='ocrx_word' id='word_1_76' title='bbox 530 1509 678 1575; x_wconf 89' lang='lat' dir='ltr'>reiciens</span> <span class='ocrx_word' id='word_1_77' title='bbox 702 1509 888 1578; x_wconf 88' lang='lat' dir='ltr'>Schmidtii</span> <span class='ocrx_word' id='word_1_78' title='bbox 919 1509 1121 1596; x_wconf 87' lang='lat' dir='ltr'>opinionem</span> <span class='ocrx_word' id='word_1_79' title='bbox 1145 1509 1221 1575; x_wconf 92' lang='lat' dir='ltr'>sine</span> <span class='ocrx_word' id='word_1_80' title='bbox 1245 1508 1353 1575; x_wconf 90' lang='lat' dir='ltr'>dubio</span> <span class='ocrx_word' id='word_1_81' title='bbox 1377 1521 1472 1577; x_wconf 90' lang='lat' dir='ltr'>recte</span> 
     </span>
     <span class='ocr_line' id='line_1_12' title="bbox 297 1615 1472 1704; baseline -0.002 -20"><span class='ocrx_word' id='word_1_82' title='bbox 297 1617 557 1684; x_wconf 89' lang='lat' dir='ltr'>demonstravit</span> <span class='ocrx_word' id='word_1_83' title='bbox 577 1617 717 1700; x_wconf 91' lang='lat' dir='ltr'>Lydum</span> <span class='ocrx_word' id='word_1_84' title='bbox 739 1639 759 1682; x_wconf 93' lang='lat' dir='ltr'>a</span> <span class='ocrx_word' id='word_1_85' title='bbox 777 1615 916 1686; x_wconf 91' lang='lat' dir='ltr'>Latinis</span> <span class='ocrx_word' id='word_1_86' title='bbox 934 1615 1136 1682; x_wconf 90' lang='lat' dir='ltr'>auctoribus</span> <span class='ocrx_word' id='word_1_87' title='bbox 1163 1617 1327 1704; x_wconf 90' lang='lat' dir='ltr'>pendere.</span> <span class='ocrx_word' id='word_1_88' title='bbox 1367 1617 1472 1699; x_wconf 85' lang='lat' dir='ltr'>Quod</span> 
     </span>
     <span class='ocr_line' id='line_1_13' title="bbox 298 1722 1473 1818; baseline 0.001 -28"><span class='ocrx_word' id='word_1_89' title='bbox 298 1734 416 1791; x_wconf 90' lang='lat' dir='ltr'>autem</span> <span class='ocrx_word' id='word_1_90' title='bbox 447 1725 506 1789; x_wconf 91' lang='lat' dir='ltr'>ille</span> <span class='ocrx_word' id='word_1_91' title='bbox 541 1723 710 1818; x_wconf 85' lang='lat' dir='ltr'>Varronis</span> <span class='ocrx_word' id='word_1_92' title='bbox 746 1722 986 1789; x_wconf 85' lang='lat' dir='ltr'>testimonium</span> <span class='ocrx_word' id='word_1_93' title='bbox 1023 1723 1116 1810; x_wconf 92' lang='lat' dir='ltr'>apud</span> <span class='ocrx_word' id='word_1_94' title='bbox 1145 1722 1378 1790; x_wconf 87' lang='lat' dir='ltr'>Censorinum</span> <span class='ocrx_word' id='word_1_95' title='bbox 1415 1724 1473 1793; x_wconf 89' lang='lat' dir='ltr'>vel</span> 
     </span>
     <span class='ocr_line' id='line_1_14' title="bbox 299 1829 1479 1917; baseline -0.003 -18"><span class='ocrx_word' id='word_1_96' title='bbox 299 1831 450 1899; x_wconf 81' lang='lat' dir='ltr'>Cornelii</span> <span class='ocrx_word' id='word_1_97' title='bbox 468 1831 644 1902; x_wconf 88' lang='lat' dir='ltr'>Labeonis</span> <span class='ocrx_word' id='word_1_98' title='bbox 668 1830 761 1917; x_wconf 93' lang='lat' dir='ltr'>apud</span> <span class='ocrx_word' id='word_1_99' title='bbox 781 1829 998 1910; x_wconf 86' lang='lat' dir='ltr'>Macrobium</span> <span class='ocrx_word' id='word_1_100' title='bbox 1023 1830 1201 1896; x_wconf 83' lang='lat' dir='ltr'>advocans</span> <span class='ocrx_word' id='word_1_101' title='bbox 1225 1830 1312 1896; x_wconf 89' lang='lat' dir='ltr'>dicit</span> <span class='ocrx_word' id='word_1_102' title='bbox 1327 1853 1368 1896; x_wconf 90' lang='lat' dir='ltr'>ea</span> <span class='ocrx_word' id='word_1_103' title='bbox 1384 1829 1479 1912; x_wconf 53' lang='lat' dir='ltr'>veri-r</span> 
     </span>
     <span class='ocr_line' id='line_1_15' title="bbox 298 1937 1479 2025; baseline -0.002 -21"><span class='ocrx_word' id='word_1_104' title='bbox 298 1939 417 2025; x_wconf 88' lang='lat' dir='ltr'>loquia</span> <span class='ocrx_word' id='word_1_105' title='bbox 454 1938 509 2004; x_wconf 90' lang='lat' dir='ltr'>vel</span> <span class='ocrx_word' id='word_1_106' title='bbox 546 1959 589 2003; x_wconf 90' lang='lat' dir='ltr'>ex</span> <span class='ocrx_word' id='word_1_107' title='bbox 618 1937 787 2004; x_wconf 86' lang='lat' dir='ltr'>Varronis</span> <span class='ocrx_word' id='word_1_108' title='bbox 824 1937 879 2002; x_wconf 92' lang='lat' dir='ltr'>vel</span> <span class='ocrx_word' id='word_1_109' title='bbox 900 1959 953 2024; x_wconf 88' lang='lat' dir='ltr'>ex</span> <span class='ocrx_word' id='word_1_110' title='bbox 977 1937 1130 2004; x_wconf 87' lang='lat' dir='ltr'>Cornelii</span> <span class='ocrx_word' id='word_1_111' title='bbox 1161 1938 1337 2008; x_wconf 86' lang='lat' dir='ltr'>Labeonis</span> <span class='ocrx_word' id='word_1_112' title='bbox 1371 1937 1479 2013; x_wconf 83' lang='lat' dir='ltr'>libris</span> 
     </span>
     <span class='ocr_line' id='line_1_16' title="bbox 298 2043 1477 2130; baseline -0.001 -19"><span class='ocrx_word' id='word_1_113' title='bbox 298 2046 455 2126; x_wconf 84' lang='lat' dir='ltr'>fluxisse,</span> <span class='ocrx_word' id='word_1_114' title='bbox 494 2045 525 2110; x_wconf 92' lang='lat' dir='ltr'>ei</span> <span class='ocrx_word' id='word_1_115' title='bbox 555 2043 722 2110; x_wconf 87' lang='lat' dir='ltr'>adsentiri</span> <span class='ocrx_word' id='word_1_116' title='bbox 755 2065 914 2128; x_wconf 66' lang='lat' dir='ltr'>,nequeor</span> <span class='ocrx_word' id='word_1_117' title='bbox 954 2065 1035 2110; x_wconf 92' lang='lat' dir='ltr'>nam</span> <span class='ocrx_word' id='word_1_118' title='bbox 1073 2046 1213 2129; x_wconf 88' lang='lat' dir='ltr'>Lydum</span> <span class='ocrx_word' id='word_1_119' title='bbox 1249 2066 1319 2109; x_wconf 92' lang='lat' dir='ltr'>non</span> <span class='ocrx_word' id='word_1_120' title='bbox 1356 2044 1477 2130; x_wconf 34' lang='lat' dir='ltr'>ipsum:</span> 
     </span>
     <span class='ocr_line' id='line_1_17' title="bbox 300 2150 1481 2239; baseline 0.003 -21"><span class='ocrx_word' id='word_1_121' title='bbox 300 2152 517 2239; x_wconf 89' lang='lat' dir='ltr'>excerpsisse</span> <span class='ocrx_word' id='word_1_122' title='bbox 556 2151 725 2219; x_wconf 90' lang='lat' dir='ltr'>Varronis</span> <span class='ocrx_word' id='word_1_123' title='bbox 763 2150 873 2215; x_wconf 90' lang='lat' dir='ltr'>libros</span> <span class='ocrx_word' id='word_1_124' title='bbox 912 2171 1018 2236; x_wconf 89' lang='lat' dir='ltr'>supra</span> <span class='ocrx_word' id='word_1_125' title='bbox 1057 2151 1285 2217; x_wconf 80' lang='lat' dir='ltr'>ostendimus,</span> <span class='ocrx_word' id='word_1_126' title='bbox 1356 2152 1481 2236; x_wconf 83' lang='lat' dir='ltr'>Atque.</span> 
     </span>
     <span class='ocr_line' id='line_1_18' title="bbox 300 2257 1471 2344; baseline -0.003 -18"><span class='ocrx_word' id='word_1_127' title='bbox 300 2259 453 2328; x_wconf 84' lang='lat' dir='ltr'>Cornelii</span> <span class='ocrx_word' id='word_1_128' title='bbox 501 2258 675 2324; x_wconf 90' lang='lat' dir='ltr'>Labeonis</span> <span class='ocrx_word' id='word_1_129' title='bbox 722 2257 865 2344; x_wconf 90' lang='lat' dir='ltr'>quidem</span> <span class='ocrx_word' id='word_1_130' title='bbox 914 2258 1156 2323; x_wconf 89' lang='lat' dir='ltr'>testimonium</span> <span class='ocrx_word' id='word_1_131' title='bbox 1206 2258 1471 2324; x_wconf 88' lang='lat' dir='ltr'>Macrobianum</span> 
     </span>
     <span class='ocr_line' id='line_1_19' title="bbox 300 2363 1475 2453; baseline -0.003 -20"><span class='ocrx_word' id='word_1_132' title='bbox 300 2387 524 2453; x_wconf 89' lang='lat' dir='ltr'>nequaqnam</span> <span class='ocrx_word' id='word_1_133' title='bbox 550 2365 703 2452; x_wconf 88' lang='lat' dir='ltr'>pertinet</span> <span class='ocrx_word' id='word_1_134' title='bbox 726 2366 770 2429; x_wconf 90' lang='lat' dir='ltr'>ad</span> <span class='ocrx_word' id='word_1_135' title='bbox 795 2365 1044 2450; x_wconf 86' lang='lat' dir='ltr'>explicandum</span> <span class='ocrx_word' id='word_1_136' title='bbox 1070 2363 1154 2430; x_wconf 92' lang='lat' dir='ltr'>Maii</span> <span class='ocrx_word' id='word_1_137' title='bbox 1179 2365 1309 2431; x_wconf 89' lang='lat' dir='ltr'>mensis</span> <span class='ocrx_word' id='word_1_138' title='bbox 1334 2386 1475 2446; x_wconf 79' lang='lat' dir='ltr'>nomen,</span> 
     </span>
     <span class='ocr_line' id='line_1_20' title="bbox 299 2470 1477 2558; baseline -0.002 -20"><span class='ocrx_word' id='word_1_139' title='bbox 299 2474 365 2539; x_wconf 91' lang='lat' dir='ltr'>sed</span> <span class='ocrx_word' id='word_1_140' title='bbox 397 2474 440 2538; x_wconf 92' lang='lat' dir='ltr'>ad</span> <span class='ocrx_word' id='word_1_141' title='bbox 477 2473 661 2556; x_wconf 85' lang='lat' dir='ltr'>mysticam</span> <span class='ocrx_word' id='word_1_142' title='bbox 698 2483 805 2558; x_wconf 88' lang='lat' dir='ltr'>atque</span> <span class='ocrx_word' id='word_1_143' title='bbox 840 2470 1065 2556; x_wconf 87' lang='lat' dir='ltr'>allegoricam</span> <span class='ocrx_word' id='word_1_144' title='bbox 1097 2473 1210 2538; x_wconf 91' lang='lat' dir='ltr'>Maiae</span> <span class='ocrx_word' id='word_1_145' title='bbox 1246 2472 1333 2548; x_wconf 86' lang='lat' dir='ltr'>deae</span> <span class='ocrx_word' id='word_1_146' title='bbox 1368 2471 1477 2537; x_wconf 72' lang='lat' dir='ltr'>inter-v</span> 
     </span>
     <span class='ocr_line' id='line_1_21' title="bbox 300 2579 1481 2667; baseline -0.001 -22"><span class='ocrx_word' id='word_1_147' title='bbox 300 2580 533 2667; x_wconf 89' lang='lat' dir='ltr'>pretationem</span> <span class='ocrx_word' id='word_1_148' title='bbox 558 2579 603 2644; x_wconf 92' lang='lat' dir='ltr'>ob</span> <span class='ocrx_word' id='word_1_149' title='bbox 627 2600 776 2664; x_wconf 89' lang='lat' dir='ltr'>eamque</span> <span class='ocrx_word' id='word_1_150' title='bbox 801 2599 953 2660; x_wconf 86' lang='lat' dir='ltr'>causam,</span> <span class='ocrx_word' id='word_1_151' title='bbox 978 2588 1018 2644; x_wconf 91' lang='lat' dir='ltr'>ut</span> <span class='ocrx_word' id='word_1_152' title='bbox 1034 2579 1204 2646; x_wconf 88' lang='lat' dir='ltr'>Wissowa</span> <span class='ocrx_word' id='word_1_153' title='bbox 1221 2590 1315 2644; x_wconf 89' lang='lat' dir='ltr'>recte</span> <span class='ocrx_word' id='word_1_154' title='bbox 1331 2580 1481 2644; x_wconf 71' lang='lat' dir='ltr'>demon-‚</span> 
     </span>
     <span class='ocr_line' id='line_1_22' title="bbox 302 2684 1479 2774; baseline 0.002 -24"><span class='ocrx_word' id='word_1_155' title='bbox 302 2685 464 2774; x_wconf 75' lang='lat' dir='ltr'>stravit3),</span> <span class='ocrx_word' id='word_1_156' title='bbox 489 2708 534 2752; x_wconf 89' lang='lat' dir='ltr'>ex</span> <span class='ocrx_word' id='word_1_157' title='bbox 558 2687 681 2750; x_wconf 90' lang='lat' dir='ltr'>eodem</span> <span class='ocrx_word' id='word_1_158' title='bbox 705 2687 802 2751; x_wconf 81' lang='lat' dir='ltr'>fonte</span> <span class='ocrx_word' id='word_1_159' title='bbox 827 2684 1021 2751; x_wconf 90' lang='lat' dir='ltr'>delibatum</span> <span class='ocrx_word' id='word_1_160' title='bbox 1048 2695 1110 2767; x_wconf 90' lang='lat' dir='ltr'>est,</span> <span class='ocrx_word' id='word_1_161' title='bbox 1134 2685 1191 2752; x_wconf 92' lang='lat' dir='ltr'>cui</span> <span class='ocrx_word' id='word_1_162' title='bbox 1208 2685 1479 2772; x_wconf 87' lang='lat' dir='ltr'>disquisitiones</span> 
     </span>
     <span class='ocr_line' id='line_1_23' title="bbox 301 2791 1484 2880; baseline -0.002 -22"><span class='ocrx_word' id='word_1_163' title='bbox 301 2792 561 2880; x_wconf 87' lang='lat' dir='ltr'>mythologicas</span> <span class='ocrx_word' id='word_1_164' title='bbox 586 2807 749 2878; x_wconf 85' lang='lat' dir='ltr'>acceptas</span> <span class='ocrx_word' id='word_1_165' title='bbox 766 2793 880 2858; x_wconf 75' lang='lat' dir='ltr'>refert.</span> <span class='ocrx_word' id='word_1_166' title='bbox 929 2795 1055 2877; x_wconf 91' lang='lat' dir='ltr'>Itaque</span> <span class='ocrx_word' id='word_1_167' title='bbox 1071 2791 1391 2879; x_wconf 84' lang='lat' dir='ltr'>Schultziiopinio,</span> <span class='ocrx_word' id='word_1_168' title='bbox 1416 2791 1484 2856; x_wconf 83' lang='lat' dir='ltr'>cni·</span> 
     </span>
     <span class='ocr_line' id='line_1_24' title="bbox 303 2879 1473 2986; baseline -0.003 -18"><span class='ocrx_word' id='word_1_169' title='bbox 303 2899 466 2984; x_wconf 88' lang='lat' dir='ltr'>Littius⁴)</span> <span class='ocrx_word' id='word_1_170' title='bbox 491 2921 603 2986; x_wconf 88' lang='lat' dir='ltr'>nuper</span> <span class='ocrx_word' id='word_1_171' title='bbox 626 2879 833 2980; x_wconf 76' lang='lat' dir='ltr'>adsentitur,</span> <span class='ocrx_word' id='word_1_172' title='bbox 857 2899 1076 2984; x_wconf 90' lang='lat' dir='ltr'>repudianda</span> <span class='ocrx_word' id='word_1_173' title='bbox 1101 2910 1162 2965; x_wconf 84' lang='lat' dir='ltr'>est</span> <span class='ocrx_word' id='word_1_174' title='bbox 1198 2899 1288 2982; x_wconf 81' lang='lat' dir='ltr'>Quis</span> <span class='ocrx_word' id='word_1_175' title='bbox 1305 2920 1388 2965; x_wconf 89' lang='lat' dir='ltr'>vero</span> <span class='ocrx_word' id='word_1_176' title='bbox 1405 2898 1473 2964; x_wconf 80' lang='lat' dir='ltr'>ruit</span> 
     </span>
     <span class='ocr_line' id='line_1_25' title="bbox 301 3005 1474 3093; baseline -0.002 -21"><span class='ocrx_word' id='word_1_177' title='bbox 301 3008 361 3073; x_wconf 91' lang='lat' dir='ltr'>ille</span> <span class='ocrx_word' id='word_1_178' title='bbox 391 3005 541 3078; x_wconf 89' lang='lat' dir='ltr'>Latinus</span> <span class='ocrx_word' id='word_1_179' title='bbox 577 3007 719 3072; x_wconf 85' lang='lat' dir='ltr'>auctor?</span> <span class='ocrx_word' id='word_1_180' title='bbox 765 3007 845 3090; x_wconf 79' lang='lat' dir='ltr'>Qua</span> <span class='ocrx_word' id='word_1_181' title='bbox 880 3007 916 3070; x_wconf 91' lang='lat' dir='ltr'>in</span> <span class='ocrx_word' id='word_1_182' title='bbox 953 3028 989 3071; x_wconf 90' lang='lat' dir='ltr'>re</span> <span class='ocrx_word' id='word_1_183' title='bbox 1025 3005 1245 3093; x_wconf 91' lang='lat' dir='ltr'>expedienda</span> <span class='ocrx_word' id='word_1_184' title='bbox 1274 3006 1474 3072; x_wconf 85' lang='lat' dir='ltr'>Schultzius</span> 
     </span>
     <span class='ocr_line' id='line_1_26' title="bbox 302 3113 1482 3201; baseline -0.001 -22"><span class='ocrx_word' id='word_1_185' title='bbox 302 3115 378 3201; x_wconf 91' lang='lat' dir='ltr'>ipse</span> <span class='ocrx_word' id='word_1_186' title='bbox 402 3113 497 3180; x_wconf 90' lang='lat' dir='ltr'>viam</span> <span class='ocrx_word' id='word_1_187' title='bbox 523 3134 593 3198; x_wconf 91' lang='lat' dir='ltr'>qua</span> <span class='ocrx_word' id='word_1_188' title='bbox 617 3114 661 3178; x_wconf 92' lang='lat' dir='ltr'>ad</span> <span class='ocrx_word' id='word_1_189' title='bbox 685 3113 818 3179; x_wconf 91' lang='lat' dir='ltr'>iustum</span> <span class='ocrx_word' id='word_1_190' title='bbox 843 3113 952 3178; x_wconf 86' lang='lat' dir='ltr'>finem</span> <span class='ocrx_word' id='word_1_191' title='bbox 970 3113 1198 3198; x_wconf 88' lang='lat' dir='ltr'>pervenimus</span> <span class='ocrx_word' id='word_1_192' title='bbox 1216 3113 1361 3198; x_wconf 88' lang='lat' dir='ltr'>egregie</span> <span class='ocrx_word' id='word_1_193' title='bbox 1377 3134 1482 3179; x_wconf 35' lang='lat' dir='ltr'>mon-r</span> 
     </span>
     <span class='ocr_line' id='line_1_27' title="bbox 301 3218 1482 3304; baseline 0.001 -18"><span class='ocrx_word' id='word_1_194' title='bbox 301 3220 429 3287; x_wconf 88' lang='lat' dir='ltr'>stravit</span> <span class='ocrx_word' id='word_1_195' title='bbox 446 3220 661 3285; x_wconf 80' lang='lat' dir='ltr'>Macrobiunr</span> <span class='ocrx_word' id='word_1_196' title='bbox 688 3221 847 3286; x_wconf 86' lang='lat' dir='ltr'>laudans.</span> <span class='ocrx_word' id='word_1_197' title='bbox 895 3218 964 3304; x_wconf 91' lang='lat' dir='ltr'>Hic</span> <span class='ocrx_word' id='word_1_198' title='bbox 988 3219 1080 3285; x_wconf 89' lang='lat' dir='ltr'>enim</span> <span class='ocrx_word' id='word_1_199' title='bbox 1098 3220 1246 3284; x_wconf 78' lang='lat' dir='ltr'>aliorum</span> <span class='ocrx_word' id='word_1_200' title='bbox 1263 3221 1482 3288; x_wconf 85' lang='lat' dir='ltr'>auctoritate.</span> 
     </span>
     <span class='ocr_line' id='line_1_28' title="bbox 301 3323 1474 3418; baseline -0.003 -25"><span class='ocrx_word' id='word_1_201' title='bbox 301 3329 339 3393; x_wconf 90' lang='lat' dir='ltr'>in</span> <span class='ocrx_word' id='word_1_202' title='bbox 376 3327 443 3391; x_wconf 90' lang='lat' dir='ltr'>hac</span> <span class='ocrx_word' id='word_1_203' title='bbox 477 3326 717 3413; x_wconf 91' lang='lat' dir='ltr'>disputatione</span> <span class='ocrx_word' id='word_1_204' title='bbox 752 3349 791 3392; x_wconf 92' lang='lat' dir='ltr'>se</span> <span class='ocrx_word' id='word_1_205' title='bbox 827 3336 947 3418; x_wconf 87' lang='lat' dir='ltr'>tuetur</span> <span class='ocrx_word' id='word_1_206' title='bbox 975 3323 1100 3408; x_wconf 79' lang='lat' dir='ltr'>(112‚ro</span> <span class='ocrx_word' id='word_1_207' title='bbox 1137 3327 1205 3391; x_wconf 80' lang='lat' dir='ltr'>alii</span> <span class='ocrx_word' id='word_1_208' title='bbox 1237 3328 1474 3400; x_wconf 63' lang='lat' dir='ltr'>contenduntl</span> 
     </span>
     <span class='ocr_line' id='line_1_29' title="bbox 303 3433 1477 3501; baseline -0.001 -2"><span class='ocrx_word' id='word_1_209' title='bbox 303 3436 399 3499; x_wconf 90' lang='lat' dir='ltr'>Inter</span> <span class='ocrx_word' id='word_1_210' title='bbox 428 3433 514 3499; x_wconf 90' lang='lat' dir='ltr'>alios</span> <span class='ocrx_word' id='word_1_211' title='bbox 544 3443 663 3499; x_wconf 89' lang='lat' dir='ltr'>autem</span> <span class='ocrx_word' id='word_1_212' title='bbox 691 3436 886 3501; x_wconf 90' lang='lat' dir='ltr'>Varronem</span> <span class='ocrx_word' id='word_1_213' title='bbox 917 3433 1175 3500; x_wconf 88' lang='lat' dir='ltr'>numerandum</span> <span class='ocrx_word' id='word_1_214' title='bbox 1205 3453 1281 3498; x_wconf 92' lang='lat' dir='ltr'>esse</span> <span class='ocrx_word' id='word_1_215' title='bbox 1318 3455 1362 3498; x_wconf 87' lang='lat' dir='ltr'>ex</span> <span class='ocrx_word' id='word_1_216' title='bbox 1396 3454 1477 3498; x_wconf 88' lang='lat' dir='ltr'>con-</span> 
     </span>
     <span class='ocr_line' id='line_1_30' title="bbox 302 3536 1477 3625; baseline -0.001 -19"><span class='ocrx_word' id='word_1_217' title='bbox 302 3551 408 3607; x_wconf 90' lang='lat' dir='ltr'>centu</span> <span class='ocrx_word' id='word_1_218' title='bbox 447 3541 539 3607; x_wconf 89' lang='lat' dir='ltr'>inter</span> <span class='ocrx_word' id='word_1_219' title='bbox 575 3540 806 3622; x_wconf 82' lang='lat' dir='ltr'>Censorinum</span> <span class='ocrx_word' id='word_1_220' title='bbox 844 3547 885 3621; x_wconf 91' lang='lat' dir='ltr'>(c.</span> <span class='ocrx_word' id='word_1_221' title='bbox 909 3536 1007 3624; x_wconf 57' lang='lat'>2212)</span> <span class='ocrx_word' id='word_1_222' title='bbox 1043 3539 1333 3625; x_wconf 87' lang='lat' dir='ltr'>Macrobiumque</span> <span class='ocrx_word' id='word_1_223' title='bbox 1371 3539 1477 3618; x_wconf 80' lang='lat' dir='ltr'>inter-</span> 
     </span>
     <span class='ocr_line' id='line_1_31' title="bbox 303 3645 1483 3733; baseline -0.002 -21"><span class='ocrx_word' id='word_1_224' title='bbox 303 3647 449 3714; x_wconf 88' lang='lat' dir='ltr'>cedente</span> <span class='ocrx_word' id='word_1_225' title='bbox 473 3649 597 3714; x_wconf 90' lang='lat' dir='ltr'>elucet.</span> <span class='ocrx_word' id='word_1_226' title='bbox 645 3646 748 3730; x_wconf 77' lang='lat' dir='ltr'>Quod</span> <span class='ocrx_word' id='word_1_227' title='bbox 771 3668 854 3712; x_wconf 88' lang='lat' dir='ltr'>vero</span> <span class='ocrx_word' id='word_1_228' title='bbox 875 3646 1073 3713; x_wconf 91' lang='lat' dir='ltr'>Macrobius</span> <span class='ocrx_word' id='word_1_229' title='bbox 1096 3647 1132 3710; x_wconf 93' lang='lat' dir='ltr'>in</span> <span class='ocrx_word' id='word_1_230' title='bbox 1158 3646 1225 3712; x_wconf 89' lang='lat' dir='ltr'>hac</span> <span class='ocrx_word' id='word_1_231' title='bbox 1240 3645 1483 3733; x_wconf 71' lang='lat' dir='ltr'>descriptione.</span> 
     </span>
     <span class='ocr_line' id='line_1_32' title="bbox 301 3753 1489 3840; baseline -0.003 -21"><span class='ocrx_word' id='word_1_232' title='bbox 301 3775 384 3840; x_wconf 84' lang='lat' dir='ltr'>curn</span> <span class='ocrx_word' id='word_1_233' title='bbox 402 3754 501 3820; x_wconf 87' lang='lat' dir='ltr'>brevi</span> <span class='ocrx_word' id='word_1_234' title='bbox 519 3753 714 3819; x_wconf 77' lang='lat' dir='ltr'>isidoriana</span> <span class='ocrx_word' id='word_1_235' title='bbox 732 3754 768 3819; x_wconf 91' lang='lat' dir='ltr'>in</span> <span class='ocrx_word' id='word_1_236' title='bbox 787 3756 875 3836; x_wconf 77' lang='lat' dir='ltr'>IV,r,</span> <span class='ocrx_word' id='word_1_237' title='bbox 892 3754 952 3819; x_wconf 91' lang='lat' dir='ltr'>ubi</span> <span class='ocrx_word' id='word_1_238' title='bbox 971 3764 1038 3820; x_wconf 91' lang='lat' dir='ltr'>est:</span> <span class='ocrx_word' id='word_1_239' title='bbox 1056 3753 1320 3828; x_wconf 20' lang='lat' dir='ltr'>„abde&#39;memem</span> <span class='ocrx_word' id='word_1_240' title='bbox 1337 3753 1489 3828; x_wconf 77' lang='lat' dir='ltr'>Maium¹</span> 
     </span>
    </p>
   </div>
   <div class='ocr_carea' id='block_1_4' title="bbox 413 4010 948 4352">
    <p class='ocr_par' dir='ltr' id='par_1_4' title="bbox 413 4010 948 4352">
     <span class='ocr_line' id='line_1_33' title="bbox 415 4010 948 4087; baseline 0 -21"><span class='ocrx_word' id='word_1_241' title='bbox 415 4011 438 4087; x_wconf 68' lang='grc' dir='ltr'>ι)</span> <span class='ocrx_word' id='word_1_242' title='bbox 462 4011 492 4066; x_wconf 75' lang='lat' dir='ltr'>in</span> <span class='ocrx_word' id='word_1_243' title='bbox 515 4013 660 4086; x_wconf 72' lang='lat' dir='ltr'>philologi</span> <span class='ocrx_word' id='word_1_244' title='bbox 681 4015 739 4069; x_wconf 80' lang='lat' dir='ltr'>vor.</span> <span class='ocrx_word' id='word_1_245' title='bbox 764 4011 804 4068; x_wconf 81' lang='lat' dir='ltr'>vr</span> <span class='ocrx_word' id='word_1_246' title='bbox 829 4031 858 4086; x_wconf 82' lang='lat' dir='ltr'>p.</span> <span class='ocrx_word' id='word_1_247' title='bbox 874 4010 948 4071; x_wconf 83' lang='lat'><strong>664.</strong></span> 
     </span>
     <span class='ocr_line' id='line_1_34' title="bbox 413 4099 649 4175; baseline 0.004 -19"><span class='ocrx_word' id='word_1_248' title='bbox 413 4099 435 4173; x_wconf 77' lang='grc'>2)</span> <span class='ocrx_word' id='word_1_249' title='bbox 460 4102 478 4156; x_wconf 92' lang='lat' dir='ltr'>l.</span> <span class='ocrx_word' id='word_1_250' title='bbox 503 4118 528 4158; x_wconf 93' lang='lat' dir='ltr'>c.</span> <span class='ocrx_word' id='word_1_251' title='bbox 552 4119 581 4175; x_wconf 89' lang='lat' dir='ltr'>p.</span> <span class='ocrx_word' id='word_1_252' title='bbox 601 4099 649 4172; x_wconf 81' lang='lat'>16.</span> 
     </span>
     <span class='ocr_line' id='line_1_35' title="bbox 413 4182 651 4264; baseline 0 -19"><span class='ocrx_word' id='word_1_253' title='bbox 413 4187 439 4264; x_wconf 84' lang='lat'>³)</span> <span class='ocrx_word' id='word_1_254' title='bbox 462 4190 481 4245; x_wconf 91' lang='lat' dir='ltr'>l.</span> <span class='ocrx_word' id='word_1_255' title='bbox 505 4207 531 4246; x_wconf 91' lang='lat' dir='ltr'>c.</span> <span class='ocrx_word' id='word_1_256' title='bbox 554 4208 584 4264; x_wconf 90' lang='lat' dir='ltr'>p.</span> <span class='ocrx_word' id='word_1_257' title='bbox 603 4182 651 4248; x_wconf 87' lang='lat'>17.</span> 
     </span>
     <span class='ocr_line' id='line_1_36' title="bbox 413 4275 697 4352; baseline 0.018 -18"><span class='ocrx_word' id='word_1_258' title='bbox 413 4275 439 4352; x_wconf 88' lang='lat'>⁴)</span> <span class='ocrx_word' id='word_1_259' title='bbox 463 4281 481 4339; x_wconf 86' lang='lat' dir='ltr'>l.</span> <span class='ocrx_word' id='word_1_260' title='bbox 508 4297 533 4335; x_wconf 92' lang='lat' dir='ltr'>c.</span> <span class='ocrx_word' id='word_1_261' title='bbox 557 4297 586 4352; x_wconf 90' lang='lat' dir='ltr'>p.</span> <span class='ocrx_word' id='word_1_262' title='bbox 602 4276 697 4352; x_wconf 83' lang='lat' dir='ltr'>28sq.</span> 
     </span>
    </p>
   </div>
   <div class='ocr_carea' id='block_1_5' title="bbox 0 0 1677 5050">
    <p class='ocr_par' dir='ltr' id='par_1_5' title="bbox 0 0 1677 5050">
     <span class='ocr_line' id='line_1_37' title="bbox 0 0 1677 5050; baseline 0 0"><span class='ocrx_word' id='word_1_263' title='bbox 0 0 1677 5050; x_wconf 95' lang='lat' dir='ltr'> </span> 
     </span>
    </p>
   </div>
  </div>
 </body>
</html>
