3318 5050
659 363 878 434 ..71-

176 577 354 668 perduxit,
378 589 419 647 ut
441 579 582 667 Lydum
608 578 759 648 Cornelii
781 580 958 652 Labeonis
968 585 992 664 ¹)
1015 580 1170 668 vestigia
1194 592 1359 650 secutum

178 708 258 754 esse
287 684 433 775 eiusque
461 687 658 754 doctrinam
683 710 728 754 ex
751 687 869 774 aliquo
893 688 1120 755 conlectaneo
1144 688 1225 777 περὶ
1244 695 1357 779 μηνῶν

180 788 245 861 νεῖ
256 793 337 882 περὶ
354 791 476 882 ἑορτῶν
490 793 661 881 inscripto
675 793 844 882 petivisse
859 793 1035 877 doceret2).
1054 795 1216 883 Littius³)
1226 805 1356 878 autern,

177 900 242 988 qui
272 899 420 967 eandem
448 900 520 966 fere
549 900 793 988 quaestionem
822 900 1024 988 nuperrime
1048 901 1177 988 tetigit,
1206 902 1250 969 ad
1276 925 1354 969 eam

177 1006 387 1095 opinionem
411 1028 621 1094 progressus
645 1016 707 1092 est,
731 1017 772 1074 ut
795 1007 887 1092 Lydi
911 1017 1092 1075 auctorem
1112 1009 1221 1076 fuisse
1237 1009 1355 1096 ipsum

180 1114 386 1184 Labeonem
417 1113 458 1179 in
493 1114 664 1180 fastorum
693 1113 792 1180 libris
823 1123 1010 1181 conaretur
1038 1115 1275 1202 comprobare,
1305 1115 1356 1182 in-

179 1220 306 1308 primis
342 1220 441 1287 nisus
479 1220 516 1286 in
555 1225 772 1304 concentu⁴),
807 1242 912 1308 quem
949 1221 1102 1288 Kahlius
1136 1222 1229 1289 inter
1264 1222 1355 1308 Lydi

181 1337 217 1395 et
253 1326 423 1394 Macrobii
462 1328 506 1393 de
546 1327 624 1393 Iani
663 1337 792 1394 natura
827 1327 1082 1413 digressionem
1122 1328 1356 1417 deprehendit

178 1432 236 1523 [cf.
262 1434 350 1518 Lyd.
375 1436 452 1518 IV,r
472 1442 535 1513 -Η
566 1455 646 1500 cum
677 1433 829 1502 Macrob.
858 1434 932 1502 Sat.
957 1435 976 1501 l.
1001 1431 1177 1524 19,1-1⁶].
1224 1437 1355 1524 Aperte

179 1550 301 1607 autem
324 1540 474 1612 Littinm
499 1540 534 1606 id
559 1540 696 1627 effugit,
721 1541 813 1627 quod
838 1542 881 1606 ad
906 1541 1009 1626 hunc,
1034 1543 1104 1631 qui,
1129 1551 1169 1609 ut
1192 1543 1354 1624 Littius⁵)

180 1649 269 1733 vult,
302 1649 345 1715 ad
370 1671 425 1716 res
450 1649 607 1715 minutas
632 1659 668 1716 et
690 1659 851 1717 auctores
876 1637 1002 1717 citatos
1025 1651 1189 1737 pertinet,
1213 1673 1357 1717 consen-

177 1778 260 1822 sum
273 1756 344 1822 iam
356 1756 573 1845 Agahdius⁶)
586 1757 745 1824 adnotat:
756 1756 863 1841 „Tres
875 1757 927 1823 illi
940 1766 1100 1825 auctores
1114 1756 1174 1847 [sc.
1189 1759 1353 1843 Macrob.,

180 1864 280 1949 Lyd.,
293 1861 437 1952 Amob.]
451 1884 665 1952 quamquam
677 1864 839 1931 nonnihil
851 1864 945 1930 inter
956 1887 994 1932 se
1006 1876 1218 1951 congruunt,
1236 1875 1353 1932 tamen

179 1980 218 2038 et
249 1971 367 2038 verbis
401 1981 437 2038 et
464 1971 553 2037 serie
581 1971 836 2038 sententiarum
865 1970 1088 2050 dissentiunt,
1118 1981 1158 2039 ut
1186 1994 1231 2038 ne
1261 1995 1354 2040 unus

176 2077 323 2165 quidem
339 2078 457 2164 ipsum
472 2079 674 2150 Labeonem
690 2078 886 2166 inspexisse
903 2078 1094 2147 videatur.“
1129 2079 1217 2145 Mihi
1234 2090 1354 2147 autem

180 2185 377 2271 Agahdius,
402 2206 507 2273 quem
531 2184 676 2252 omnino
700 2194 794 2252 recte
816 2185 991 2252 iudicasse
1008 2186 1095 2252 mihi
1111 2188 1280 2274 persuasi,
1304 2210 1357 2254 ar·

177 2301 353 2378 gumenta
380 2291 509 2379 quibus
537 2292 625 2358 haec
648 2291 768 2380 opinio
792 2291 991 2358 confirmari
1015 2302 1133 2378 potest
1156 2315 1226 2359 non
1249 2295 1355 2380 plane

178 2398 388 2466 exhausisse
416 2398 565 2467 videtur.
611 2403 653 2465 In
681 2399 749 2465 hoc
776 2399 870 2465 enim
901 2408 1000 2466 tanto
1031 2409 1204 2466 concentu
1228 2401 1258 2468 is
1293 2403 1354 2489 qui

177 2515 317 2573 attente
346 2528 419 2572 rem
448 2507 645 2595 inspexerit
677 2528 736 2572 eas
759 2507 905 2592 deteget
927 2506 1190 2595 discrepantias,
1225 2507 1353 2596 quibus

182 2614 323 2696 Lydum
340 2613 627 2701 Macrobiumque
644 2635 868 2702 nequaqnam
886 2635 930 2679 ex
947 2635 1018 2680 uuo
1034 2626 1177 2681 auctore
1192 2615 1354 2702 proximo

177 2719 342 2787 hausisse
375 2722 646 2788 demonstretur.
693 2722 810 2808 Atque
842 2719 996 2806 primum
1027 2721 1169 2809 quidem
1198 2723 1286 2788 duos
1316 2723 1353 2789 in

177 2835 365 2893 auctorum
395 2827 583 2894 citatorum
613 2826 816 2894 nominibus
840 2826 889 2914 (id
914 2827 1008 2915 quod
1033 2827 1142 2895 Littio
1166 2850 1276 2914 grave
1300 2839 1355 2896 est

178 2940 447 3022 argumentum)
475 2936 581 3023 plane
608 2935 701 3001 iuter
729 2957 766 3001 se
790 2934 987 3022 discrepare
1011 2934 1184 3002 videmus.
1231 2935 1353 3020 Lydus

179 3043 276 3109 enim
300 3041 337 3108 in
361 3044 440 3126 IV,2
466 3043 514 3130 (p.
531 3039 614 3129 toa)
637 3041 823 3108 duodecim
845 3063 924 3108 aras
939 3041 1071 3108 habere
1087 3041 1165 3107 Iani
1182 3043 1353 3129 templum

176 3150 377 3216 secuudum
390 3149 566 3216 mensium
579 3170 766 3215 numerum
779 3148 932 3214 referens
951 3147 1117 3215 Fonteii
1135 3149 1353 3232 auctoritate,

183 3255 382 3322 Macrobius
400 3265 519 3321 autem
535 3255 572 3320 in
589 3254 659 3321 Sat.
677 3255 697 3321 1.
714 3251 803 3337 I9‚ro
820 3253 1026 3322 Varronis
1043 3276 1080 3321 se
1098 3266 1231 3326 tuetur;
1254 3257 1355 3321 Ioan-

178 3385 243 3429 nes
271 3384 304 3450 p.
328 3360 414 3447 ooo
444 3365 571 3429 Ianum
601 3383 678 3428 esse
706 3362 816 3428 solem
846 3361 1093 3428 demonstrans
1124 3361 1353 3446 Lutatium,

182 3470 382 3538 Macrobius
399 3467 473 3554 Ity
498 3470 695 3558 quosdam
720 3469 843 3535 laudat
859 3477 980 3552 testes3
1005 3468 1219 3535 contrarium
1236 3469 1352 3556 ipsum
1450 3524 1452 3531 ,

292 3692 314 3766 ¹)
339 3710 445 3751 omnes
469 3690 531 3750 fere
555 3693 633 3749 viros
657 3692 765 3749 doctos
788 3691 840 3766 qui
864 3690 902 3748 de
928 3689 1060 3749 Cornelii
1075 3689 1227 3749 Labeonis
1251 3698 1352 3749 aetate

179 3783 373 3911 disputprunt
396 3789 555 3838 enumerat
577 3779 833 3929 Cbivacmmmh’
853 3781 966 3856 proleg.
983 3780 1031 3838 ed.
1048 3779 1086 3836 de
1103 3778 1180 3837 ost.²
1201 3799 1229 3856 p.
1246 3779 1355 3837 XXIX.

387 3872 417 3927 hl
441 3871 459 3926 l.
484 3887 508 3931 c.
552 3914 559 3932 .
652 3913 659 3928 .

289 3870 315 4037 ³}
337 3871 454 4026 idrus,
490 3889 549 4016 dep
563 3869 662 4016 vianti
696 3957 798 4015 Flacci
821 3965 853 4014 et
876 3955 1008 4015 Cornelii
1031 3956 1184 4015 Labeonis
1208 3956 1354 4016 fastorum

178 4050 273 4118 ¹libris,
296 4050 367 4107 diss.
390 4048 485 4106 Bonn.
512 4047 595 4109 1904
619 4067 649 4123 p·
672 4045 711 4106 21
739 4064 783 4121 sq.

288 4133 315 4220 ⁴)
338 4140 358 4195 l.
381 4154 408 4196 c.
431 4157 460 4214 p.
484 4135 536 4198 23.

289 4222 316 4309 ⁵)
338 4228 358 4288 l.
383 4245 409 4284 c.
432 4247 462 4302 p.
485 4225 527 4287 23
552 4233 613 4284 not
640 4224 667 4285 l.

289 4315 312 4390 ⁶)
335 4315 370 4373 R.
393 4316 499 4392 Agahd
522 4316 541 4372 l.
565 4333 591 4377 c.
616 4334 646 4389 p.
673 4312 743 4374 118.
